[{"trade_id": 849735565, "side": "sell", "size": "0.00016622", "price": "116922.48000000", "time": "2025-07-15T16:10:48.454035Z", "fetched_at": "2025-07-15T16:10:49.857075+00:00", "symbol": "BTC-USD"}, {"trade_id": 849735564, "side": "sell", "size": "0.01662197", "price": "116922.48000000", "time": "2025-07-15T16:10:48.440054Z", "fetched_at": "2025-07-15T16:10:49.857075+00:00", "symbol": "BTC-USD"}, {"trade_id": 849735563, "side": "sell", "size": "0.00098967", "price": "116922.50000000", "time": "2025-07-15T16:10:48.403995Z", "fetched_at": "2025-07-15T16:10:49.857075+00:00", "symbol": "BTC-USD"}, {"trade_id": 849735562, "side": "sell", "size": "0.00001033", "price": "116919.49000000", "time": "2025-07-15T16:10:48.403995Z", "fetched_at": "2025-07-15T16:10:49.857075+00:00", "symbol": "BTC-USD"}, {"trade_id": 849735561, "side": "buy", "size": "0.00000368", "price": "116915.39000000", "time": "2025-07-15T16:10:48.063442Z", "fetched_at": "2025-07-15T16:10:49.857075+00:00", "symbol": "BTC-USD"}, {"trade_id": 849735560, "side": "sell", "size": "0.00186514", "price": "116919.39000000", "time": "2025-07-15T16:10:47.754556Z", "fetched_at": "2025-07-15T16:10:49.857075+00:00", "symbol": "BTC-USD"}, {"trade_id": 849735559, "side": "sell", "size": "0.01821279", "price": "116919.39000000", "time": "2025-07-15T16:10:47.754556Z", "fetched_at": "2025-07-15T16:10:49.857075+00:00", "symbol": "BTC-USD"}, {"trade_id": 849735558, "side": "sell", "size": "0.00031000", "price": "116919.41000000", "time": "2025-07-15T16:10:47.739316Z", "fetched_at": "2025-07-15T16:10:49.857075+00:00", "symbol": "BTC-USD"}, {"trade_id": 849735557, "side": "sell", "size": "0.00028940", "price": "116919.49000000", "time": "2025-07-15T16:10:47.403784Z", "fetched_at": "2025-07-15T16:10:49.857075+00:00", "symbol": "BTC-USD"}, {"trade_id": 849735556, "side": "buy", "size": "0.00300000", "price": "116915.39000000", "time": "2025-07-15T16:10:47.148382Z", "fetched_at": "2025-07-15T16:10:49.857075+00:00", "symbol": "BTC-USD"}, {"trade_id": 849735555, "side": "buy", "size": "0.03292526", "price": "116915.40000000", "time": "2025-07-15T16:10:47.076642Z", "fetched_at": "2025-07-15T16:10:49.857075+00:00", "symbol": "BTC-USD"}, {"trade_id": 849735554, "side": "sell", "size": "0.00084343", "price": "116922.61000000", "time": "2025-07-15T16:10:46.900540Z", "fetched_at": "2025-07-15T16:10:49.857075+00:00", "symbol": "BTC-USD"}, {"trade_id": 849735553, "side": "sell", "size": "0.00000436", "price": "116926.25000000", "time": "2025-07-15T16:10:46.540640Z", "fetched_at": "2025-07-15T16:10:49.857075+00:00", "symbol": "BTC-USD"}, {"trade_id": 849735552, "side": "buy", "size": "0.01707474", "price": "116915.40000000", "time": "2025-07-15T16:10:45.150103Z", "fetched_at": "2025-07-15T16:10:49.857075+00:00", "symbol": "BTC-USD"}, {"trade_id": 849735551, "side": "buy", "size": "0.00001511", "price": "116919.41000000", "time": "2025-07-15T16:10:45.150103Z", "fetched_at": "2025-07-15T16:10:49.857075+00:00", "symbol": "BTC-USD"}, {"trade_id": 849735550, "side": "sell", "size": "0.00290705", "price": "116927.07000000", "time": "2025-07-15T16:10:43.779015Z", "fetched_at": "2025-07-15T16:10:49.857075+00:00", "symbol": "BTC-USD"}, {"trade_id": 849735549, "side": "sell", "size": "0.00041546", "price": "116927.07000000", "time": "2025-07-15T16:10:43.768317Z", "fetched_at": "2025-07-15T16:10:49.857075+00:00", "symbol": "BTC-USD"}, {"trade_id": 849735548, "side": "sell", "size": "0.00001667", "price": "116927.07000000", "time": "2025-07-15T16:10:43.641120Z", "fetched_at": "2025-07-15T16:10:49.857075+00:00", "symbol": "BTC-USD"}, {"trade_id": 849735547, "side": "sell", "size": "0.00225633", "price": "116927.08000000", "time": "2025-07-15T16:10:43.550086Z", "fetched_at": "2025-07-15T16:10:49.857075+00:00", "symbol": "BTC-USD"}, {"trade_id": 849735546, "side": "sell", "size": "0.00206907", "price": "116927.04000000", "time": "2025-07-15T16:10:43.550086Z", "fetched_at": "2025-07-15T16:10:49.857075+00:00", "symbol": "BTC-USD"}, {"trade_id": 849735545, "side": "sell", "size": "0.00021591", "price": "116927.04000000", "time": "2025-07-15T16:10:43.286303Z", "fetched_at": "2025-07-15T16:10:49.857075+00:00", "symbol": "BTC-USD"}, {"trade_id": 849735544, "side": "sell", "size": "0.00011334", "price": "116927.08000000", "time": "2025-07-15T16:10:42.985907Z", "fetched_at": "2025-07-15T16:10:49.857075+00:00", "symbol": "BTC-USD"}, {"trade_id": 849735543, "side": "sell", "size": "0.00000342", "price": "116927.08000000", "time": "2025-07-15T16:10:42.985907Z", "fetched_at": "2025-07-15T16:10:49.857075+00:00", "symbol": "BTC-USD"}, {"trade_id": 849735542, "side": "sell", "size": "0.00001805", "price": "116927.08000000", "time": "2025-07-15T16:10:42.985907Z", "fetched_at": "2025-07-15T16:10:49.857075+00:00", "symbol": "BTC-USD"}, {"trade_id": 849735541, "side": "sell", "size": "0.00001033", "price": "116926.73000000", "time": "2025-07-15T16:10:42.985907Z", "fetched_at": "2025-07-15T16:10:49.857075+00:00", "symbol": "BTC-USD"}, {"trade_id": 849735540, "side": "sell", "size": "0.00016837", "price": "116926.26000000", "time": "2025-07-15T16:10:42.885019Z", "fetched_at": "2025-07-15T16:10:49.857075+00:00", "symbol": "BTC-USD"}, {"trade_id": 849735539, "side": "sell", "size": "0.00018000", "price": "116926.69000000", "time": "2025-07-15T16:10:42.410142Z", "fetched_at": "2025-07-15T16:10:49.857075+00:00", "symbol": "BTC-USD"}, {"trade_id": 849735538, "side": "sell", "size": "0.00083129", "price": "116926.72000000", "time": "2025-07-15T16:10:42.399470Z", "fetched_at": "2025-07-15T16:10:49.857075+00:00", "symbol": "BTC-USD"}, {"trade_id": 849735537, "side": "buy", "size": "0.01144699", "price": "116915.40000000", "time": "2025-07-15T16:10:42.359009Z", "fetched_at": "2025-07-15T16:10:49.857075+00:00", "symbol": "BTC-USD"}, {"trade_id": 849735536, "side": "buy", "size": "0.00002871", "price": "116925.32000000", "time": "2025-07-15T16:10:42.359009Z", "fetched_at": "2025-07-15T16:10:49.857075+00:00", "symbol": "BTC-USD"}, {"trade_id": 849735535, "side": "buy", "size": "0.00855247", "price": "116925.32000000", "time": "2025-07-15T16:10:42.359009Z", "fetched_at": "2025-07-15T16:10:49.857075+00:00", "symbol": "BTC-USD"}, {"trade_id": 849735534, "side": "buy", "size": "0.00135708", "price": "116927.07000000", "time": "2025-07-15T16:10:42.359009Z", "fetched_at": "2025-07-15T16:10:49.857075+00:00", "symbol": "BTC-USD"}, {"trade_id": 849735533, "side": "sell", "size": "0.00083120", "price": "116927.08000000", "time": "2025-07-15T16:10:42.088452Z", "fetched_at": "2025-07-15T16:10:49.857075+00:00", "symbol": "BTC-USD"}, {"trade_id": 849735532, "side": "sell", "size": "0.00041580", "price": "116927.08000000", "time": "2025-07-15T16:10:41.455236Z", "fetched_at": "2025-07-15T16:10:49.857075+00:00", "symbol": "BTC-USD"}, {"trade_id": 849735531, "side": "sell", "size": "0.00020290", "price": "116927.08000000", "time": "2025-07-15T16:10:41.330473Z", "fetched_at": "2025-07-15T16:10:49.857075+00:00", "symbol": "BTC-USD"}, {"trade_id": 849735530, "side": "sell", "size": "0.00067328", "price": "116927.08000000", "time": "2025-07-15T16:10:41.318328Z", "fetched_at": "2025-07-15T16:10:49.857075+00:00", "symbol": "BTC-USD"}, {"trade_id": 849735529, "side": "sell", "size": "0.03200000", "price": "116927.08000000", "time": "2025-07-15T16:10:41.224411Z", "fetched_at": "2025-07-15T16:10:49.857075+00:00", "symbol": "BTC-USD"}, {"trade_id": 849735528, "side": "sell", "size": "0.00083129", "price": "116927.08000000", "time": "2025-07-15T16:10:41.013290Z", "fetched_at": "2025-07-15T16:10:49.857075+00:00", "symbol": "BTC-USD"}, {"trade_id": 849735527, "side": "sell", "size": "0.00074299", "price": "116927.08000000", "time": "2025-07-15T16:10:40.710389Z", "fetched_at": "2025-07-15T16:10:49.857075+00:00", "symbol": "BTC-USD"}, {"trade_id": 849735526, "side": "sell", "size": "0.00001818", "price": "116927.08000000", "time": "2025-07-15T16:10:40.710389Z", "fetched_at": "2025-07-15T16:10:49.857075+00:00", "symbol": "BTC-USD"}, {"trade_id": 849735525, "side": "sell", "size": "0.00001983", "price": "116921.64000000", "time": "2025-07-15T16:10:40.528323Z", "fetched_at": "2025-07-15T16:10:49.857075+00:00", "symbol": "BTC-USD"}, {"trade_id": 849735524, "side": "sell", "size": "0.00001003", "price": "116921.64000000", "time": "2025-07-15T16:10:40.528323Z", "fetched_at": "2025-07-15T16:10:49.857075+00:00", "symbol": "BTC-USD"}, {"trade_id": 849735523, "side": "sell", "size": "0.00001000", "price": "116921.64000000", "time": "2025-07-15T16:10:40.528323Z", "fetched_at": "2025-07-15T16:10:49.857075+00:00", "symbol": "BTC-USD"}, {"trade_id": 849735522, "side": "buy", "size": "0.00003840", "price": "116919.68000000", "time": "2025-07-15T16:10:40.367438Z", "fetched_at": "2025-07-15T16:10:49.857075+00:00", "symbol": "BTC-USD"}, {"trade_id": 849735521, "side": "buy", "size": "0.00018809", "price": "116919.85000000", "time": "2025-07-15T16:10:40.367438Z", "fetched_at": "2025-07-15T16:10:49.857075+00:00", "symbol": "BTC-USD"}, {"trade_id": 849735520, "side": "buy", "size": "0.00007935", "price": "116919.91000000", "time": "2025-07-15T16:10:40.367438Z", "fetched_at": "2025-07-15T16:10:49.857075+00:00", "symbol": "BTC-USD"}, {"trade_id": 849735519, "side": "buy", "size": "0.00005952", "price": "116920.21000000", "time": "2025-07-15T16:10:40.367438Z", "fetched_at": "2025-07-15T16:10:49.857075+00:00", "symbol": "BTC-USD"}, {"trade_id": 849735518, "side": "buy", "size": "0.00004464", "price": "116921.06000000", "time": "2025-07-15T16:10:40.367438Z", "fetched_at": "2025-07-15T16:10:49.857075+00:00", "symbol": "BTC-USD"}, {"trade_id": 849735517, "side": "sell", "size": "0.00855325", "price": "116914.59000000", "time": "2025-07-15T16:10:40.358980Z", "fetched_at": "2025-07-15T16:10:49.857075+00:00", "symbol": "BTC-USD"}, {"trade_id": 849735516, "side": "sell", "size": "0.00017007", "price": "116912.87000000", "time": "2025-07-15T16:10:40.358980Z", "fetched_at": "2025-07-15T16:10:49.857075+00:00", "symbol": "BTC-USD"}, {"trade_id": 849735515, "side": "sell", "size": "0.00001000", "price": "116912.87000000", "time": "2025-07-15T16:10:40.358980Z", "fetched_at": "2025-07-15T16:10:49.857075+00:00", "symbol": "BTC-USD"}, {"trade_id": 849735514, "side": "sell", "size": "0.31965800", "price": "116912.86000000", "time": "2025-07-15T16:10:40.354522Z", "fetched_at": "2025-07-15T16:10:49.857075+00:00", "symbol": "BTC-USD"}, {"trade_id": 849735513, "side": "sell", "size": "0.00003249", "price": "116912.85000000", "time": "2025-07-15T16:10:40.354522Z", "fetched_at": "2025-07-15T16:10:49.857075+00:00", "symbol": "BTC-USD"}, {"trade_id": 849735512, "side": "sell", "size": "0.00001034", "price": "116912.85000000", "time": "2025-07-15T16:10:40.354522Z", "fetched_at": "2025-07-15T16:10:49.857075+00:00", "symbol": "BTC-USD"}, {"trade_id": 849735511, "side": "sell", "size": "0.00085000", "price": "116912.35000000", "time": "2025-07-15T16:10:39.787697Z", "fetched_at": "2025-07-15T16:10:49.857075+00:00", "symbol": "BTC-USD"}, {"trade_id": 849735510, "side": "sell", "size": "0.00083160", "price": "116912.36000000", "time": "2025-07-15T16:10:39.604336Z", "fetched_at": "2025-07-15T16:10:49.857075+00:00", "symbol": "BTC-USD"}, {"trade_id": 849735509, "side": "sell", "size": "0.00041547", "price": "116912.22000000", "time": "2025-07-15T16:10:39.434373Z", "fetched_at": "2025-07-15T16:10:49.857075+00:00", "symbol": "BTC-USD"}, {"trade_id": 849735508, "side": "sell", "size": "0.00063890", "price": "116912.84000000", "time": "2025-07-15T16:10:39.026885Z", "fetched_at": "2025-07-15T16:10:49.857075+00:00", "symbol": "BTC-USD"}, {"trade_id": 849735507, "side": "sell", "size": "0.00106113", "price": "116912.85000000", "time": "2025-07-15T16:10:37.874780Z", "fetched_at": "2025-07-15T16:10:49.857075+00:00", "symbol": "BTC-USD"}, {"trade_id": 849735506, "side": "sell", "size": "0.00042214", "price": "116912.85000000", "time": "2025-07-15T16:10:37.190229Z", "fetched_at": "2025-07-15T16:10:49.857075+00:00", "symbol": "BTC-USD"}, {"trade_id": 849735505, "side": "sell", "size": "0.00211753", "price": "116912.81000000", "time": "2025-07-15T16:10:36.407885Z", "fetched_at": "2025-07-15T16:10:49.857075+00:00", "symbol": "BTC-USD"}, {"trade_id": 849735504, "side": "sell", "size": "0.00083160", "price": "116912.79000000", "time": "2025-07-15T16:10:35.964989Z", "fetched_at": "2025-07-15T16:10:49.857075+00:00", "symbol": "BTC-USD"}, {"trade_id": 849735503, "side": "sell", "size": "0.00040573", "price": "116912.83000000", "time": "2025-07-15T16:10:35.710192Z", "fetched_at": "2025-07-15T16:10:49.857075+00:00", "symbol": "BTC-USD"}, {"trade_id": 849735502, "side": "sell", "size": "0.00001000", "price": "116904.10000000", "time": "2025-07-15T16:10:34.484632Z", "fetched_at": "2025-07-15T16:10:49.857075+00:00", "symbol": "BTC-USD"}, {"trade_id": 849735501, "side": "sell", "size": "0.00855414", "price": "116902.45000000", "time": "2025-07-15T16:10:34.479911Z", "fetched_at": "2025-07-15T16:10:49.857075+00:00", "symbol": "BTC-USD"}, {"trade_id": 849735500, "side": "sell", "size": "0.00015192", "price": "116900.64000000", "time": "2025-07-15T16:10:34.475763Z", "fetched_at": "2025-07-15T16:10:49.857075+00:00", "symbol": "BTC-USD"}, {"trade_id": 849735499, "side": "sell", "size": "0.10649721", "price": "116900.63000000", "time": "2025-07-15T16:10:34.253030Z", "fetched_at": "2025-07-15T16:10:49.857075+00:00", "symbol": "BTC-USD"}, {"trade_id": 849735498, "side": "sell", "size": "0.02290525", "price": "116900.62000000", "time": "2025-07-15T16:10:34.253030Z", "fetched_at": "2025-07-15T16:10:49.857075+00:00", "symbol": "BTC-USD"}, {"trade_id": 849735497, "side": "buy", "size": "0.00000856", "price": "116890.06000000", "time": "2025-07-15T16:10:33.815832Z", "fetched_at": "2025-07-15T16:10:49.857075+00:00", "symbol": "BTC-USD"}, {"trade_id": 849735496, "side": "sell", "size": "0.00082175", "price": "116902.68000000", "time": "2025-07-15T16:10:33.438470Z", "fetched_at": "2025-07-15T16:10:49.857075+00:00", "symbol": "BTC-USD"}, {"trade_id": 849735495, "side": "sell", "size": "0.00900000", "price": "116902.68000000", "time": "2025-07-15T16:10:33.428824Z", "fetched_at": "2025-07-15T16:10:49.857075+00:00", "symbol": "BTC-USD"}, {"trade_id": 849735494, "side": "sell", "size": "0.03325693", "price": "116902.68000000", "time": "2025-07-15T16:10:33.419523Z", "fetched_at": "2025-07-15T16:10:49.857075+00:00", "symbol": "BTC-USD"}, {"trade_id": 849735493, "side": "sell", "size": "0.00002703", "price": "116897.07000000", "time": "2025-07-15T16:10:33.124234Z", "fetched_at": "2025-07-15T16:10:49.857075+00:00", "symbol": "BTC-USD"}, {"trade_id": 849735492, "side": "sell", "size": "0.00000085", "price": "116895.33000000", "time": "2025-07-15T16:10:33.124234Z", "fetched_at": "2025-07-15T16:10:49.857075+00:00", "symbol": "BTC-USD"}, {"trade_id": 849735491, "side": "sell", "size": "0.00000324", "price": "116895.33000000", "time": "2025-07-15T16:10:33.124234Z", "fetched_at": "2025-07-15T16:10:49.857075+00:00", "symbol": "BTC-USD"}, {"trade_id": 849735490, "side": "sell", "size": "0.00001000", "price": "116895.33000000", "time": "2025-07-15T16:10:33.124234Z", "fetched_at": "2025-07-15T16:10:49.857075+00:00", "symbol": "BTC-USD"}, {"trade_id": 849735489, "side": "sell", "size": "0.00205439", "price": "116893.23000000", "time": "2025-07-15T16:10:32.841009Z", "fetched_at": "2025-07-15T16:10:49.857075+00:00", "symbol": "BTC-USD"}, {"trade_id": 849735488, "side": "sell", "size": "0.00005651", "price": "116891.08000000", "time": "2025-07-15T16:10:32.841009Z", "fetched_at": "2025-07-15T16:10:49.857075+00:00", "symbol": "BTC-USD"}, {"trade_id": 849735487, "side": "sell", "size": "0.00000419", "price": "116891.07000000", "time": "2025-07-15T16:10:32.841009Z", "fetched_at": "2025-07-15T16:10:49.857075+00:00", "symbol": "BTC-USD"}, {"trade_id": 849735486, "side": "sell", "size": "0.00004477", "price": "116891.08000000", "time": "2025-07-15T16:10:32.819892Z", "fetched_at": "2025-07-15T16:10:49.857075+00:00", "symbol": "BTC-USD"}, {"trade_id": 849735485, "side": "sell", "size": "0.00000664", "price": "116891.07000000", "time": "2025-07-15T16:10:32.819892Z", "fetched_at": "2025-07-15T16:10:49.857075+00:00", "symbol": "BTC-USD"}, {"trade_id": 849735484, "side": "sell", "size": "0.00001725", "price": "116891.07000000", "time": "2025-07-15T16:10:32.819892Z", "fetched_at": "2025-07-15T16:10:49.857075+00:00", "symbol": "BTC-USD"}, {"trade_id": 849735483, "side": "sell", "size": "0.00005064", "price": "116891.07000000", "time": "2025-07-15T16:10:32.819892Z", "fetched_at": "2025-07-15T16:10:49.857075+00:00", "symbol": "BTC-USD"}, {"trade_id": 849735482, "side": "sell", "size": "0.00000350", "price": "116891.07000000", "time": "2025-07-15T16:10:32.819892Z", "fetched_at": "2025-07-15T16:10:49.857075+00:00", "symbol": "BTC-USD"}, {"trade_id": 849735481, "side": "sell", "size": "0.00855505", "price": "116890.06000000", "time": "2025-07-15T16:10:31.892843Z", "fetched_at": "2025-07-15T16:10:49.857075+00:00", "symbol": "BTC-USD"}, {"trade_id": 849735480, "side": "sell", "size": "0.00015668", "price": "116888.42000000", "time": "2025-07-15T16:10:31.693098Z", "fetched_at": "2025-07-15T16:10:49.857075+00:00", "symbol": "BTC-USD"}, {"trade_id": 849735479, "side": "sell", "size": "0.00000958", "price": "116886.56000000", "time": "2025-07-15T16:10:31.693098Z", "fetched_at": "2025-07-15T16:10:49.857075+00:00", "symbol": "BTC-USD"}, {"trade_id": 849735478, "side": "sell", "size": "0.00000042", "price": "116886.56000000", "time": "2025-07-15T16:10:31.683646Z", "fetched_at": "2025-07-15T16:10:49.857075+00:00", "symbol": "BTC-USD"}, {"trade_id": 849735477, "side": "sell", "size": "0.00008229", "price": "116881.40000000", "time": "2025-07-15T16:10:31.628565Z", "fetched_at": "2025-07-15T16:10:49.857075+00:00", "symbol": "BTC-USD"}, {"trade_id": 849735476, "side": "sell", "size": "0.00573500", "price": "116874.06000000", "time": "2025-07-15T16:10:31.603682Z", "fetched_at": "2025-07-15T16:10:49.857075+00:00", "symbol": "BTC-USD"}, {"trade_id": 849735475, "side": "sell", "size": "0.00001000", "price": "116877.79000000", "time": "2025-07-15T16:10:31.602721Z", "fetched_at": "2025-07-15T16:10:49.857075+00:00", "symbol": "BTC-USD"}, {"trade_id": 849735474, "side": "sell", "size": "0.01335720", "price": "116874.06000000", "time": "2025-07-15T16:10:31.598437Z", "fetched_at": "2025-07-15T16:10:49.857075+00:00", "symbol": "BTC-USD"}, {"trade_id": 849735473, "side": "sell", "size": "0.07633829", "price": "116874.06000000", "time": "2025-07-15T16:10:31.593531Z", "fetched_at": "2025-07-15T16:10:49.857075+00:00", "symbol": "BTC-USD"}, {"trade_id": 849735472, "side": "sell", "size": "0.00039230", "price": "116868.00000000", "time": "2025-07-15T16:10:31.593531Z", "fetched_at": "2025-07-15T16:10:49.857075+00:00", "symbol": "BTC-USD"}, {"trade_id": 849735471, "side": "sell", "size": "0.00052306", "price": "116867.82000000", "time": "2025-07-15T16:10:31.593531Z", "fetched_at": "2025-07-15T16:10:49.857075+00:00", "symbol": "BTC-USD"}, {"trade_id": 849735470, "side": "sell", "size": "0.00866377", "price": "116863.05000000", "time": "2025-07-15T16:10:31.591786Z", "fetched_at": "2025-07-15T16:10:49.857075+00:00", "symbol": "BTC-USD"}, {"trade_id": 849735469, "side": "sell", "size": "0.00690079", "price": "116863.05000000", "time": "2025-07-15T16:10:31.591724Z", "fetched_at": "2025-07-15T16:10:49.857075+00:00", "symbol": "BTC-USD"}, {"trade_id": 849735468, "side": "sell", "size": "0.02707712", "price": "116863.05000000", "time": "2025-07-15T16:10:31.591492Z", "fetched_at": "2025-07-15T16:10:49.857075+00:00", "symbol": "BTC-USD"}, {"trade_id": 849735467, "side": "sell", "size": "0.01885183", "price": "116863.05000000", "time": "2025-07-15T16:10:31.589997Z", "fetched_at": "2025-07-15T16:10:49.857075+00:00", "symbol": "BTC-USD"}, {"trade_id": 849735466, "side": "sell", "size": "0.00000664", "price": "116860.59000000", "time": "2025-07-15T16:10:31.587689Z", "fetched_at": "2025-07-15T16:10:49.857075+00:00", "symbol": "BTC-USD"}, {"trade_id": 849735465, "side": "sell", "size": "0.00855728", "price": "116859.51000000", "time": "2025-07-15T16:10:31.587689Z", "fetched_at": "2025-07-15T16:10:49.857075+00:00", "symbol": "BTC-USD"}, {"trade_id": 849735464, "side": "sell", "size": "0.00001856", "price": "116857.76000000", "time": "2025-07-15T16:10:31.587689Z", "fetched_at": "2025-07-15T16:10:49.857075+00:00", "symbol": "BTC-USD"}, {"trade_id": 849735463, "side": "sell", "size": "0.00072353", "price": "116857.76000000", "time": "2025-07-15T16:10:31.587689Z", "fetched_at": "2025-07-15T16:10:49.857075+00:00", "symbol": "BTC-USD"}, {"trade_id": 849735462, "side": "sell", "size": "0.00158087", "price": "116857.76000000", "time": "2025-07-15T16:10:31.259764Z", "fetched_at": "2025-07-15T16:10:49.857075+00:00", "symbol": "BTC-USD"}, {"trade_id": 849735461, "side": "buy", "size": "0.00002850", "price": "116857.75000000", "time": "2025-07-15T16:10:30.480526Z", "fetched_at": "2025-07-15T16:10:49.857075+00:00", "symbol": "BTC-USD"}, {"trade_id": 849735460, "side": "sell", "size": "0.00041555", "price": "116859.48000000", "time": "2025-07-15T16:10:29.960171Z", "fetched_at": "2025-07-15T16:10:49.857075+00:00", "symbol": "BTC-USD"}, {"trade_id": 849735459, "side": "sell", "size": "0.00519017", "price": "116857.74000000", "time": "2025-07-15T16:10:29.439929Z", "fetched_at": "2025-07-15T16:10:49.857075+00:00", "symbol": "BTC-USD"}, {"trade_id": 849735458, "side": "sell", "size": "0.00271499", "price": "116857.74000000", "time": "2025-07-15T16:10:29.439929Z", "fetched_at": "2025-07-15T16:10:49.857075+00:00", "symbol": "BTC-USD"}, {"trade_id": 849735457, "side": "sell", "size": "0.00004021", "price": "116857.74000000", "time": "2025-07-15T16:10:29.182048Z", "fetched_at": "2025-07-15T16:10:49.857075+00:00", "symbol": "BTC-USD"}, {"trade_id": 849735456, "side": "sell", "size": "0.00854701", "price": "116857.74000000", "time": "2025-07-15T16:10:28.632256Z", "fetched_at": "2025-07-15T16:10:49.857075+00:00", "symbol": "BTC-USD"}, {"trade_id": 849735455, "side": "sell", "size": "0.00916777", "price": "116857.74000000", "time": "2025-07-15T16:10:28.588623Z", "fetched_at": "2025-07-15T16:10:49.857075+00:00", "symbol": "BTC-USD"}, {"trade_id": 849735454, "side": "sell", "size": "0.00174223", "price": "116857.74000000", "time": "2025-07-15T16:10:28.588623Z", "fetched_at": "2025-07-15T16:10:49.857075+00:00", "symbol": "BTC-USD"}, {"trade_id": 849735453, "side": "sell", "size": "0.00041547", "price": "116857.74000000", "time": "2025-07-15T16:10:28.387525Z", "fetched_at": "2025-07-15T16:10:49.857075+00:00", "symbol": "BTC-USD"}, {"trade_id": 849735452, "side": "sell", "size": "0.00063110", "price": "116857.74000000", "time": "2025-07-15T16:10:28.316424Z", "fetched_at": "2025-07-15T16:10:49.857075+00:00", "symbol": "BTC-USD"}, {"trade_id": 849735451, "side": "sell", "size": "0.00133562", "price": "116857.74000000", "time": "2025-07-15T16:10:27.422524Z", "fetched_at": "2025-07-15T16:10:49.857075+00:00", "symbol": "BTC-USD"}, {"trade_id": 849735450, "side": "sell", "size": "0.00010128", "price": "116857.74000000", "time": "2025-07-15T16:10:27.422524Z", "fetched_at": "2025-07-15T16:10:49.857075+00:00", "symbol": "BTC-USD"}, {"trade_id": 849735449, "side": "sell", "size": "0.00072514", "price": "116857.74000000", "time": "2025-07-15T16:10:27.422524Z", "fetched_at": "2025-07-15T16:10:49.857075+00:00", "symbol": "BTC-USD"}, {"trade_id": 849735448, "side": "sell", "size": "0.00083114", "price": "116857.74000000", "time": "2025-07-15T16:10:26.914274Z", "fetched_at": "2025-07-15T16:10:49.857075+00:00", "symbol": "BTC-USD"}, {"trade_id": 849735447, "side": "sell", "size": "0.00010014", "price": "116857.74000000", "time": "2025-07-15T16:10:26.556035Z", "fetched_at": "2025-07-15T16:10:49.857075+00:00", "symbol": "BTC-USD"}, {"trade_id": 849735446, "side": "sell", "size": "0.00016222", "price": "116857.74000000", "time": "2025-07-15T16:10:26.019336Z", "fetched_at": "2025-07-15T16:10:49.857075+00:00", "symbol": "BTC-USD"}, {"trade_id": 849735445, "side": "sell", "size": "0.00061729", "price": "116857.74000000", "time": "2025-07-15T16:10:25.988530Z", "fetched_at": "2025-07-15T16:10:49.857075+00:00", "symbol": "BTC-USD"}, {"trade_id": 849735444, "side": "buy", "size": "0.00020201", "price": "116857.73000000", "time": "2025-07-15T16:10:25.976076Z", "fetched_at": "2025-07-15T16:10:49.857075+00:00", "symbol": "BTC-USD"}, {"trade_id": 849735443, "side": "buy", "size": "0.00000359", "price": "116857.73000000", "time": "2025-07-15T16:10:25.976076Z", "fetched_at": "2025-07-15T16:10:49.857075+00:00", "symbol": "BTC-USD"}, {"trade_id": 849735442, "side": "buy", "size": "0.00000171", "price": "116857.73000000", "time": "2025-07-15T16:10:25.976076Z", "fetched_at": "2025-07-15T16:10:49.857075+00:00", "symbol": "BTC-USD"}, {"trade_id": 849735441, "side": "sell", "size": "0.00000065", "price": "116857.74000000", "time": "2025-07-15T16:10:25.834126Z", "fetched_at": "2025-07-15T16:10:49.857075+00:00", "symbol": "BTC-USD"}, {"trade_id": 849735440, "side": "sell", "size": "0.00021222", "price": "116857.74000000", "time": "2025-07-15T16:10:25.593256Z", "fetched_at": "2025-07-15T16:10:49.857075+00:00", "symbol": "BTC-USD"}, {"trade_id": 849735439, "side": "sell", "size": "0.00038101", "price": "116860.66000000", "time": "2025-07-15T16:10:25.177063Z", "fetched_at": "2025-07-15T16:10:49.857075+00:00", "symbol": "BTC-USD"}, {"trade_id": 849735438, "side": "buy", "size": "0.00855581", "price": "116879.64000000", "time": "2025-07-15T16:10:25.106217Z", "fetched_at": "2025-07-15T16:10:49.857075+00:00", "symbol": "BTC-USD"}, {"trade_id": 849735437, "side": "buy", "size": "0.00000013", "price": "116881.39000000", "time": "2025-07-15T16:10:25.103537Z", "fetched_at": "2025-07-15T16:10:49.857075+00:00", "symbol": "BTC-USD"}, {"trade_id": 849735436, "side": "buy", "size": "0.00855581", "price": "116881.39000000", "time": "2025-07-15T16:10:25.103002Z", "fetched_at": "2025-07-15T16:10:49.857075+00:00", "symbol": "BTC-USD"}, {"trade_id": 849735435, "side": "sell", "size": "0.00133362", "price": "116883.15000000", "time": "2025-07-15T16:10:24.722300Z", "fetched_at": "2025-07-15T16:10:49.857075+00:00", "symbol": "BTC-USD"}, {"trade_id": 849735434, "side": "sell", "size": "0.02169346", "price": "116881.40000000", "time": "2025-07-15T16:10:24.722300Z", "fetched_at": "2025-07-15T16:10:49.857075+00:00", "symbol": "BTC-USD"}, {"trade_id": 849735433, "side": "sell", "size": "0.02215610", "price": "116881.40000000", "time": "2025-07-15T16:10:24.722300Z", "fetched_at": "2025-07-15T16:10:49.857075+00:00", "symbol": "BTC-USD"}, {"trade_id": 849735432, "side": "sell", "size": "0.00005229", "price": "116881.40000000", "time": "2025-07-15T16:10:24.722300Z", "fetched_at": "2025-07-15T16:10:49.857075+00:00", "symbol": "BTC-USD"}, {"trade_id": 849735431, "side": "sell", "size": "0.00573300", "price": "116881.40000000", "time": "2025-07-15T16:10:24.722300Z", "fetched_at": "2025-07-15T16:10:49.857075+00:00", "symbol": "BTC-USD"}, {"trade_id": 849735430, "side": "sell", "size": "0.00000342", "price": "116881.40000000", "time": "2025-07-15T16:10:24.722300Z", "fetched_at": "2025-07-15T16:10:49.857075+00:00", "symbol": "BTC-USD"}, {"trade_id": 849735429, "side": "sell", "size": "0.00002811", "price": "116881.40000000", "time": "2025-07-15T16:10:24.722300Z", "fetched_at": "2025-07-15T16:10:49.857075+00:00", "symbol": "BTC-USD"}, {"trade_id": 849735428, "side": "sell", "size": "0.00000838", "price": "116881.40000000", "time": "2025-07-15T16:10:24.402563Z", "fetched_at": "2025-07-15T16:10:49.857075+00:00", "symbol": "BTC-USD"}, {"trade_id": 849735427, "side": "sell", "size": "0.00285591", "price": "116881.40000000", "time": "2025-07-15T16:10:24.292647Z", "fetched_at": "2025-07-15T16:10:49.857075+00:00", "symbol": "BTC-USD"}, {"trade_id": 849735426, "side": "sell", "size": "0.00005239", "price": "116881.40000000", "time": "2025-07-15T16:10:24.292647Z", "fetched_at": "2025-07-15T16:10:49.857075+00:00", "symbol": "BTC-USD"}, {"trade_id": 849735425, "side": "sell", "size": "0.00259363", "price": "116883.15000000", "time": "2025-07-15T16:10:24.023793Z", "fetched_at": "2025-07-15T16:10:49.857075+00:00", "symbol": "BTC-USD"}, {"trade_id": 849735424, "side": "sell", "size": "0.00079000", "price": "116881.40000000", "time": "2025-07-15T16:10:24.023793Z", "fetched_at": "2025-07-15T16:10:49.857075+00:00", "symbol": "BTC-USD"}, {"trade_id": 849735423, "side": "sell", "size": "0.00005239", "price": "116881.40000000", "time": "2025-07-15T16:10:24.023793Z", "fetched_at": "2025-07-15T16:10:49.857075+00:00", "symbol": "BTC-USD"}, {"trade_id": 849735422, "side": "sell", "size": "0.00001308", "price": "116881.40000000", "time": "2025-07-15T16:10:24.023793Z", "fetched_at": "2025-07-15T16:10:49.857075+00:00", "symbol": "BTC-USD"}, {"trade_id": 849735421, "side": "sell", "size": "0.00255090", "price": "116881.40000000", "time": "2025-07-15T16:10:24.023793Z", "fetched_at": "2025-07-15T16:10:49.857075+00:00", "symbol": "BTC-USD"}, {"trade_id": 849735420, "side": "sell", "size": "0.00020774", "price": "116881.40000000", "time": "2025-07-15T16:10:23.401504Z", "fetched_at": "2025-07-15T16:10:49.857075+00:00", "symbol": "BTC-USD"}, {"trade_id": 849735419, "side": "sell", "size": "0.00023456", "price": "116881.40000000", "time": "2025-07-15T16:10:23.095714Z", "fetched_at": "2025-07-15T16:10:49.857075+00:00", "symbol": "BTC-USD"}, {"trade_id": 849735418, "side": "sell", "size": "0.00003639", "price": "116890.65000000", "time": "2025-07-15T16:10:22.858897Z", "fetched_at": "2025-07-15T16:10:49.857075+00:00", "symbol": "BTC-USD"}, {"trade_id": 849735417, "side": "sell", "size": "0.00005122", "price": "116881.40000000", "time": "2025-07-15T16:10:22.858897Z", "fetched_at": "2025-07-15T16:10:49.857075+00:00", "symbol": "BTC-USD"}, {"trade_id": 849735416, "side": "sell", "size": "0.02710383", "price": "116890.67000000", "time": "2025-07-15T16:10:22.799670Z", "fetched_at": "2025-07-15T16:10:49.857075+00:00", "symbol": "BTC-USD"}, {"trade_id": 849735415, "side": "sell", "size": "0.00855568", "price": "116881.40000000", "time": "2025-07-15T16:10:22.799670Z", "fetched_at": "2025-07-15T16:10:49.857075+00:00", "symbol": "BTC-USD"}, {"trade_id": 849735414, "side": "sell", "size": "0.00005122", "price": "116879.65000000", "time": "2025-07-15T16:10:22.799670Z", "fetched_at": "2025-07-15T16:10:49.857075+00:00", "symbol": "BTC-USD"}, {"trade_id": 849735413, "side": "sell", "size": "0.00319622", "price": "116879.65000000", "time": "2025-07-15T16:10:22.799670Z", "fetched_at": "2025-07-15T16:10:49.857075+00:00", "symbol": "BTC-USD"}, {"trade_id": 849735412, "side": "sell", "size": "0.00002098", "price": "116879.65000000", "time": "2025-07-15T16:10:22.784406Z", "fetched_at": "2025-07-15T16:10:49.857075+00:00", "symbol": "BTC-USD"}, {"trade_id": 849735411, "side": "buy", "size": "0.00832538", "price": "116867.66000000", "time": "2025-07-15T16:10:22.657490Z", "fetched_at": "2025-07-15T16:10:49.857075+00:00", "symbol": "BTC-USD"}, {"trade_id": 849735410, "side": "buy", "size": "0.00005895", "price": "116867.67000000", "time": "2025-07-15T16:10:22.657490Z", "fetched_at": "2025-07-15T16:10:49.857075+00:00", "symbol": "BTC-USD"}, {"trade_id": 849735409, "side": "buy", "size": "0.00855593", "price": "116878.04000000", "time": "2025-07-15T16:10:22.657490Z", "fetched_at": "2025-07-15T16:10:49.857075+00:00", "symbol": "BTC-USD"}, {"trade_id": 849735408, "side": "buy", "size": "0.00341950", "price": "116879.64000000", "time": "2025-07-15T16:10:22.657490Z", "fetched_at": "2025-07-15T16:10:49.857075+00:00", "symbol": "BTC-USD"}, {"trade_id": 849735407, "side": "sell", "size": "0.00035840", "price": "116881.40000000", "time": "2025-07-15T16:10:22.627691Z", "fetched_at": "2025-07-15T16:10:49.857075+00:00", "symbol": "BTC-USD"}, {"trade_id": 849735406, "side": "sell", "size": "0.00001033", "price": "116879.65000000", "time": "2025-07-15T16:10:22.627691Z", "fetched_at": "2025-07-15T16:10:49.857075+00:00", "symbol": "BTC-USD"}, {"trade_id": 849735405, "side": "sell", "size": "0.00172630", "price": "116879.65000000", "time": "2025-07-15T16:10:22.627691Z", "fetched_at": "2025-07-15T16:10:49.857075+00:00", "symbol": "BTC-USD"}, {"trade_id": 849735404, "side": "sell", "size": "0.00073013", "price": "116879.65000000", "time": "2025-07-15T16:10:22.506927Z", "fetched_at": "2025-07-15T16:10:49.857075+00:00", "symbol": "BTC-USD"}, {"trade_id": 849735403, "side": "sell", "size": "0.00007477", "price": "116879.65000000", "time": "2025-07-15T16:10:22.343558Z", "fetched_at": "2025-07-15T16:10:49.857075+00:00", "symbol": "BTC-USD"}, {"trade_id": 849735402, "side": "buy", "size": "0.00533945", "price": "116885.27000000", "time": "2025-07-15T16:10:21.739175Z", "fetched_at": "2025-07-15T16:10:49.857075+00:00", "symbol": "BTC-USD"}, {"trade_id": 849735401, "side": "sell", "size": "0.00005248", "price": "116876.60000000", "time": "2025-07-15T16:10:21.656896Z", "fetched_at": "2025-07-15T16:10:49.857075+00:00", "symbol": "BTC-USD"}, {"trade_id": 849735400, "side": "sell", "size": "0.00294000", "price": "116875.45000000", "time": "2025-07-15T16:10:21.451515Z", "fetched_at": "2025-07-15T16:10:49.857075+00:00", "symbol": "BTC-USD"}, {"trade_id": 849735399, "side": "sell", "size": "0.00083110", "price": "116886.05000000", "time": "2025-07-15T16:10:21.364163Z", "fetched_at": "2025-07-15T16:10:49.857075+00:00", "symbol": "BTC-USD"}, {"trade_id": 849735398, "side": "sell", "size": "0.00458177", "price": "116887.10000000", "time": "2025-07-15T16:10:21.343442Z", "fetched_at": "2025-07-15T16:10:49.857075+00:00", "symbol": "BTC-USD"}, {"trade_id": 849735397, "side": "sell", "size": "0.00273280", "price": "116886.56000000", "time": "2025-07-15T16:10:21.343442Z", "fetched_at": "2025-07-15T16:10:49.857075+00:00", "symbol": "BTC-USD"}, {"trade_id": 849735396, "side": "sell", "size": "0.00001000", "price": "116886.56000000", "time": "2025-07-15T16:10:21.343442Z", "fetched_at": "2025-07-15T16:10:49.857075+00:00", "symbol": "BTC-USD"}, {"trade_id": 849735395, "side": "sell", "size": "0.00005286", "price": "116886.05000000", "time": "2025-07-15T16:10:21.343442Z", "fetched_at": "2025-07-15T16:10:49.857075+00:00", "symbol": "BTC-USD"}, {"trade_id": 849735394, "side": "sell", "size": "0.02325935", "price": "116874.57000000", "time": "2025-07-15T16:10:21.297550Z", "fetched_at": "2025-07-15T16:10:49.857075+00:00", "symbol": "BTC-USD"}, {"trade_id": 849735393, "side": "sell", "size": "0.00005245", "price": "116874.57000000", "time": "2025-07-15T16:10:21.297550Z", "fetched_at": "2025-07-15T16:10:49.857075+00:00", "symbol": "BTC-USD"}, {"trade_id": 849735392, "side": "sell", "size": "0.00855705", "price": "116862.67000000", "time": "2025-07-15T16:10:21.256071Z", "fetched_at": "2025-07-15T16:10:49.857075+00:00", "symbol": "BTC-USD"}, {"trade_id": 849735391, "side": "sell", "size": "0.00001240", "price": "116860.92000000", "time": "2025-07-15T16:10:21.253040Z", "fetched_at": "2025-07-15T16:10:49.857075+00:00", "symbol": "BTC-USD"}, {"trade_id": 849735390, "side": "sell", "size": "0.03441300", "price": "116860.86000000", "time": "2025-07-15T16:10:21.253040Z", "fetched_at": "2025-07-15T16:10:49.857075+00:00", "symbol": "BTC-USD"}, {"trade_id": 849735389, "side": "sell", "size": "0.00000085", "price": "116860.80000000", "time": "2025-07-15T16:10:21.253040Z", "fetched_at": "2025-07-15T16:10:49.857075+00:00", "symbol": "BTC-USD"}, {"trade_id": 849735388, "side": "sell", "size": "0.00026586", "price": "116860.80000000", "time": "2025-07-15T16:10:21.253040Z", "fetched_at": "2025-07-15T16:10:49.857075+00:00", "symbol": "BTC-USD"}, {"trade_id": 849735387, "side": "sell", "size": "0.02204667", "price": "116860.76000000", "time": "2025-07-15T16:10:21.249492Z", "fetched_at": "2025-07-15T16:10:49.857075+00:00", "symbol": "BTC-USD"}, {"trade_id": 849735386, "side": "sell", "size": "0.00909727", "price": "116860.76000000", "time": "2025-07-15T16:10:21.249283Z", "fetched_at": "2025-07-15T16:10:49.857075+00:00", "symbol": "BTC-USD"}, {"trade_id": 849735385, "side": "sell", "size": "0.01610481", "price": "116860.75000000", "time": "2025-07-15T16:10:21.249283Z", "fetched_at": "2025-07-15T16:10:49.857075+00:00", "symbol": "BTC-USD"}, {"trade_id": 849735384, "side": "sell", "size": "0.02223922", "price": "116860.75000000", "time": "2025-07-15T16:10:21.248928Z", "fetched_at": "2025-07-15T16:10:49.857075+00:00", "symbol": "BTC-USD"}, {"trade_id": 849735383, "side": "sell", "size": "0.05507597", "price": "116860.75000000", "time": "2025-07-15T16:10:21.247655Z", "fetched_at": "2025-07-15T16:10:49.857075+00:00", "symbol": "BTC-USD"}, {"trade_id": 849735382, "side": "sell", "size": "0.09342000", "price": "116860.74000000", "time": "2025-07-15T16:10:21.247655Z", "fetched_at": "2025-07-15T16:10:49.857075+00:00", "symbol": "BTC-USD"}, {"trade_id": 849735381, "side": "sell", "size": "0.06677948", "price": "116860.73000000", "time": "2025-07-15T16:10:21.247655Z", "fetched_at": "2025-07-15T16:10:49.857075+00:00", "symbol": "BTC-USD"}, {"trade_id": 849735380, "side": "sell", "size": "0.02664052", "price": "116860.73000000", "time": "2025-07-15T16:10:21.247494Z", "fetched_at": "2025-07-15T16:10:49.857075+00:00", "symbol": "BTC-USD"}, {"trade_id": 849735379, "side": "sell", "size": "0.09342000", "price": "116860.72000000", "time": "2025-07-15T16:10:21.247494Z", "fetched_at": "2025-07-15T16:10:49.857075+00:00", "symbol": "BTC-USD"}, {"trade_id": 849735378, "side": "sell", "size": "0.09342000", "price": "116860.71000000", "time": "2025-07-15T16:10:21.247494Z", "fetched_at": "2025-07-15T16:10:49.857075+00:00", "symbol": "BTC-USD"}, {"trade_id": 849735377, "side": "sell", "size": "0.08339488", "price": "116860.70000000", "time": "2025-07-15T16:10:21.247494Z", "fetched_at": "2025-07-15T16:10:49.857075+00:00", "symbol": "BTC-USD"}, {"trade_id": 849735376, "side": "sell", "size": "0.01002512", "price": "116860.70000000", "time": "2025-07-15T16:10:21.244245Z", "fetched_at": "2025-07-15T16:10:49.857075+00:00", "symbol": "BTC-USD"}, {"trade_id": 849735375, "side": "sell", "size": "0.05114781", "price": "116860.69000000", "time": "2025-07-15T16:10:21.244245Z", "fetched_at": "2025-07-15T16:10:49.857075+00:00", "symbol": "BTC-USD"}, {"trade_id": 849735374, "side": "sell", "size": "0.00232120", "price": "116860.69000000", "time": "2025-07-15T16:10:21.244245Z", "fetched_at": "2025-07-15T16:10:49.857075+00:00", "symbol": "BTC-USD"}, {"trade_id": 849735373, "side": "sell", "size": "0.07623387", "price": "116860.69000000", "time": "2025-07-15T16:10:21.244245Z", "fetched_at": "2025-07-15T16:10:49.857075+00:00", "symbol": "BTC-USD"}, {"trade_id": 849735372, "side": "sell", "size": "0.01693362", "price": "116860.69000000", "time": "2025-07-15T16:10:21.226894Z", "fetched_at": "2025-07-15T16:10:49.857075+00:00", "symbol": "BTC-USD"}, {"trade_id": 849735371, "side": "sell", "size": "0.00017000", "price": "116860.69000000", "time": "2025-07-15T16:10:21.226664Z", "fetched_at": "2025-07-15T16:10:49.857075+00:00", "symbol": "BTC-USD"}, {"trade_id": 849735370, "side": "sell", "size": "0.00008251", "price": "116860.69000000", "time": "2025-07-15T16:10:20.968181Z", "fetched_at": "2025-07-15T16:10:49.857075+00:00", "symbol": "BTC-USD"}, {"trade_id": 849735369, "side": "buy", "size": "0.00427616", "price": "116857.73000000", "time": "2025-07-15T16:10:20.627135Z", "fetched_at": "2025-07-15T16:10:49.857075+00:00", "symbol": "BTC-USD"}, {"trade_id": 849735368, "side": "sell", "size": "0.00000630", "price": "116860.92000000", "time": "2025-07-15T16:10:20.167519Z", "fetched_at": "2025-07-15T16:10:49.857075+00:00", "symbol": "BTC-USD"}, {"trade_id": 849735367, "side": "sell", "size": "0.00041555", "price": "116862.72000000", "time": "2025-07-15T16:10:20.133723Z", "fetched_at": "2025-07-15T16:10:49.857075+00:00", "symbol": "BTC-USD"}, {"trade_id": 849735366, "side": "sell", "size": "0.00164956", "price": "116859.03000000", "time": "2025-07-15T16:10:20.097524Z", "fetched_at": "2025-07-15T16:10:49.857075+00:00", "symbol": "BTC-USD"}, {"trade_id": 849735365, "side": "sell", "size": "0.00143324", "price": "116859.03000000", "time": "2025-07-15T16:10:19.969862Z", "fetched_at": "2025-07-15T16:10:49.857075+00:00", "symbol": "BTC-USD"}, {"trade_id": 849735364, "side": "sell", "size": "0.00004968", "price": "116859.03000000", "time": "2025-07-15T16:10:19.969862Z", "fetched_at": "2025-07-15T16:10:49.857075+00:00", "symbol": "BTC-USD"}, {"trade_id": 849735363, "side": "buy", "size": "0.00819877", "price": "116842.11000000", "time": "2025-07-15T16:10:19.753820Z", "fetched_at": "2025-07-15T16:10:49.857075+00:00", "symbol": "BTC-USD"}, {"trade_id": 849735362, "side": "buy", "size": "0.00035972", "price": "116843.01000000", "time": "2025-07-15T16:10:19.753820Z", "fetched_at": "2025-07-15T16:10:49.857075+00:00", "symbol": "BTC-USD"}, {"trade_id": 849735361, "side": "buy", "size": "0.00006798", "price": "116843.01000000", "time": "2025-07-15T16:10:19.751953Z", "fetched_at": "2025-07-15T16:10:49.857075+00:00", "symbol": "BTC-USD"}, {"trade_id": 849735360, "side": "buy", "size": "0.07708312", "price": "116822.27000000", "time": "2025-07-15T16:10:19.660486Z", "fetched_at": "2025-07-15T16:10:49.857075+00:00", "symbol": "BTC-USD"}, {"trade_id": 849735359, "side": "buy", "size": "0.11471688", "price": "116823.25000000", "time": "2025-07-15T16:10:19.660486Z", "fetched_at": "2025-07-15T16:10:49.857075+00:00", "symbol": "BTC-USD"}, {"trade_id": 849735358, "side": "buy", "size": "0.04176523", "price": "116869.22000000", "time": "2025-07-15T16:10:19.660469Z", "fetched_at": "2025-07-15T16:10:49.857075+00:00", "symbol": "BTC-USD"}, {"trade_id": 849735357, "side": "buy", "size": "0.01758312", "price": "116823.25000000", "time": "2025-07-15T16:10:19.658963Z", "fetched_at": "2025-07-15T16:10:49.857075+00:00", "symbol": "BTC-USD"}, {"trade_id": 849735356, "side": "buy", "size": "0.08310573", "price": "116824.21000000", "time": "2025-07-15T16:10:19.658963Z", "fetched_at": "2025-07-15T16:10:49.857075+00:00", "symbol": "BTC-USD"}, {"trade_id": 849735355, "side": "buy", "size": "0.00536872", "price": "116828.52000000", "time": "2025-07-15T16:10:19.658963Z", "fetched_at": "2025-07-15T16:10:49.857075+00:00", "symbol": "BTC-USD"}, {"trade_id": 849735354, "side": "buy", "size": "0.09342000", "price": "116831.22000000", "time": "2025-07-15T16:10:19.658963Z", "fetched_at": "2025-07-15T16:10:49.857075+00:00", "symbol": "BTC-USD"}, {"trade_id": 849735353, "side": "buy", "size": "0.00753443", "price": "116833.42000000", "time": "2025-07-15T16:10:19.658963Z", "fetched_at": "2025-07-15T16:10:49.857075+00:00", "symbol": "BTC-USD"}, {"trade_id": 849735352, "side": "buy", "size": "0.01031427", "price": "116824.21000000", "time": "2025-07-15T16:10:19.653543Z", "fetched_at": "2025-07-15T16:10:49.857075+00:00", "symbol": "BTC-USD"}, {"trade_id": 849735351, "side": "buy", "size": "0.09342000", "price": "116825.85000000", "time": "2025-07-15T16:10:19.653543Z", "fetched_at": "2025-07-15T16:10:49.857075+00:00", "symbol": "BTC-USD"}, {"trade_id": 849735350, "side": "buy", "size": "0.09342000", "price": "116826.71000000", "time": "2025-07-15T16:10:19.653543Z", "fetched_at": "2025-07-15T16:10:49.857075+00:00", "symbol": "BTC-USD"}, {"trade_id": 849735349, "side": "buy", "size": "0.09342000", "price": "116837.67000000", "time": "2025-07-15T16:10:19.653543Z", "fetched_at": "2025-07-15T16:10:49.857075+00:00", "symbol": "BTC-USD"}, {"trade_id": 849735348, "side": "buy", "size": "0.01630587", "price": "116842.10000000", "time": "2025-07-15T16:10:19.653543Z", "fetched_at": "2025-07-15T16:10:49.857075+00:00", "symbol": "BTC-USD"}, {"trade_id": 849735347, "side": "buy", "size": "0.24437164", "price": "116813.88000000", "time": "2025-07-15T16:10:19.644676Z", "fetched_at": "2025-07-15T16:10:49.857075+00:00", "symbol": "BTC-USD"}, {"trade_id": 849735346, "side": "buy", "size": "0.00001000", "price": "116816.40000000", "time": "2025-07-15T16:10:19.644676Z", "fetched_at": "2025-07-15T16:10:49.857075+00:00", "symbol": "BTC-USD"}, {"trade_id": 849735345, "side": "buy", "size": "0.00945847", "price": "116821.29000000", "time": "2025-07-15T16:10:19.644676Z", "fetched_at": "2025-07-15T16:10:49.857075+00:00", "symbol": "BTC-USD"}, {"trade_id": 849735344, "side": "buy", "size": "0.09342000", "price": "116853.31000000", "time": "2025-07-15T16:10:19.644676Z", "fetched_at": "2025-07-15T16:10:49.857075+00:00", "symbol": "BTC-USD"}, {"trade_id": 849735343, "side": "buy", "size": "0.01746465", "price": "116858.06000000", "time": "2025-07-15T16:10:19.644676Z", "fetched_at": "2025-07-15T16:10:49.857075+00:00", "symbol": "BTC-USD"}, {"trade_id": 849735342, "side": "buy", "size": "0.09342000", "price": "116870.17000000", "time": "2025-07-15T16:10:19.644676Z", "fetched_at": "2025-07-15T16:10:49.857075+00:00", "symbol": "BTC-USD"}, {"trade_id": 849735341, "side": "buy", "size": "0.02189610", "price": "116872.09000000", "time": "2025-07-15T16:10:19.644676Z", "fetched_at": "2025-07-15T16:10:49.857075+00:00", "symbol": "BTC-USD"}, {"trade_id": 849735340, "side": "buy", "size": "0.01943693", "price": "116880.64000000", "time": "2025-07-15T16:10:19.644676Z", "fetched_at": "2025-07-15T16:10:49.857075+00:00", "symbol": "BTC-USD"}, {"trade_id": 849735339, "side": "buy", "size": "0.39891145", "price": "116821.29000000", "time": "2025-07-15T16:10:19.637303Z", "fetched_at": "2025-07-15T16:10:49.857075+00:00", "symbol": "BTC-USD"}, {"trade_id": 849735338, "side": "buy", "size": "0.00001000", "price": "116825.17000000", "time": "2025-07-15T16:10:19.637303Z", "fetched_at": "2025-07-15T16:10:49.857075+00:00", "symbol": "BTC-USD"}, {"trade_id": 849735337, "side": "buy", "size": "0.02223724", "price": "116833.22000000", "time": "2025-07-15T16:10:19.637303Z", "fetched_at": "2025-07-15T16:10:49.857075+00:00", "symbol": "BTC-USD"}, {"trade_id": 849735336, "side": "buy", "size": "0.00001000", "price": "116833.94000000", "time": "2025-07-15T16:10:19.637303Z", "fetched_at": "2025-07-15T16:10:49.857075+00:00", "symbol": "BTC-USD"}, {"trade_id": 849735335, "side": "buy", "size": "0.00002003", "price": "116842.00000000", "time": "2025-07-15T16:10:19.637303Z", "fetched_at": "2025-07-15T16:10:49.857075+00:00", "symbol": "BTC-USD"}, {"trade_id": 849735334, "side": "buy", "size": "0.02992647", "price": "116842.01000000", "time": "2025-07-15T16:10:19.637303Z", "fetched_at": "2025-07-15T16:10:49.857075+00:00", "symbol": "BTC-USD"}, {"trade_id": 849735333, "side": "buy", "size": "0.00001000", "price": "116842.71000000", "time": "2025-07-15T16:10:19.637303Z", "fetched_at": "2025-07-15T16:10:49.857075+00:00", "symbol": "BTC-USD"}, {"trade_id": 849735332, "side": "buy", "size": "0.00912115", "price": "116843.00000000", "time": "2025-07-15T16:10:19.637303Z", "fetched_at": "2025-07-15T16:10:49.857075+00:00", "symbol": "BTC-USD"}, {"trade_id": 849735331, "side": "buy", "size": "0.04071067", "price": "116848.96000000", "time": "2025-07-15T16:10:19.637303Z", "fetched_at": "2025-07-15T16:10:49.857075+00:00", "symbol": "BTC-USD"}, {"trade_id": 849735330, "side": "buy", "size": "0.27929972", "price": "116851.45000000", "time": "2025-07-15T16:10:19.637303Z", "fetched_at": "2025-07-15T16:10:49.857075+00:00", "symbol": "BTC-USD"}, {"trade_id": 849735329, "side": "buy", "size": "0.00530300", "price": "116851.45000000", "time": "2025-07-15T16:10:19.637303Z", "fetched_at": "2025-07-15T16:10:49.857075+00:00", "symbol": "BTC-USD"}, {"trade_id": 849735328, "side": "buy", "size": "0.00001000", "price": "116851.48000000", "time": "2025-07-15T16:10:19.637303Z", "fetched_at": "2025-07-15T16:10:49.857075+00:00", "symbol": "BTC-USD"}, {"trade_id": 849735327, "side": "buy", "size": "0.01902280", "price": "116852.79000000", "time": "2025-07-15T16:10:19.637303Z", "fetched_at": "2025-07-15T16:10:49.857075+00:00", "symbol": "BTC-USD"}, {"trade_id": 849735326, "side": "buy", "size": "0.00855747", "price": "116856.85000000", "time": "2025-07-15T16:10:19.637303Z", "fetched_at": "2025-07-15T16:10:49.857075+00:00", "symbol": "BTC-USD"}, {"trade_id": 849735325, "side": "buy", "size": "0.00001000", "price": "116860.25000000", "time": "2025-07-15T16:10:19.637303Z", "fetched_at": "2025-07-15T16:10:49.857075+00:00", "symbol": "BTC-USD"}, {"trade_id": 849735324, "side": "buy", "size": "0.09342000", "price": "116864.59000000", "time": "2025-07-15T16:10:19.637303Z", "fetched_at": "2025-07-15T16:10:49.857075+00:00", "symbol": "BTC-USD"}, {"trade_id": 849735323, "side": "buy", "size": "0.09342000", "price": "116864.90000000", "time": "2025-07-15T16:10:19.637303Z", "fetched_at": "2025-07-15T16:10:49.857075+00:00", "symbol": "BTC-USD"}, {"trade_id": 849735322, "side": "buy", "size": "0.00042600", "price": "116873.35000000", "time": "2025-07-15T16:10:19.627483Z", "fetched_at": "2025-07-15T16:10:49.857075+00:00", "symbol": "BTC-USD"}, {"trade_id": 849735321, "side": "buy", "size": "0.02129686", "price": "116868.76000000", "time": "2025-07-15T16:10:19.622561Z", "fetched_at": "2025-07-15T16:10:49.857075+00:00", "symbol": "BTC-USD"}, {"trade_id": 849735320, "side": "buy", "size": "0.00001000", "price": "116869.02000000", "time": "2025-07-15T16:10:19.622561Z", "fetched_at": "2025-07-15T16:10:49.857075+00:00", "symbol": "BTC-USD"}, {"trade_id": 849735319, "side": "buy", "size": "0.09342000", "price": "116869.29000000", "time": "2025-07-15T16:10:19.622561Z", "fetched_at": "2025-07-15T16:10:49.857075+00:00", "symbol": "BTC-USD"}, {"trade_id": 849735318, "side": "buy", "size": "0.56918263", "price": "116870.01000000", "time": "2025-07-15T16:10:19.622561Z", "fetched_at": "2025-07-15T16:10:49.857075+00:00", "symbol": "BTC-USD"}, {"trade_id": 849735317, "side": "buy", "size": "0.24653891", "price": "116870.01000000", "time": "2025-07-15T16:10:19.622561Z", "fetched_at": "2025-07-15T16:10:49.857075+00:00", "symbol": "BTC-USD"}, {"trade_id": 849735316, "side": "buy", "size": "0.01505939", "price": "116871.10000000", "time": "2025-07-15T16:10:19.619453Z", "fetched_at": "2025-07-15T16:10:49.857075+00:00", "symbol": "BTC-USD"}, {"trade_id": 849735315, "side": "buy", "size": "0.02603214", "price": "116872.08000000", "time": "2025-07-15T16:10:19.619453Z", "fetched_at": "2025-07-15T16:10:49.857075+00:00", "symbol": "BTC-USD"}, {"trade_id": 849735314, "side": "buy", "size": "0.04266128", "price": "116876.24000000", "time": "2025-07-15T16:10:19.619453Z", "fetched_at": "2025-07-15T16:10:49.857075+00:00", "symbol": "BTC-USD"}, {"trade_id": 849735313, "side": "buy", "size": "0.00001000", "price": "116877.79000000", "time": "2025-07-15T16:10:19.619453Z", "fetched_at": "2025-07-15T16:10:49.857075+00:00", "symbol": "BTC-USD"}, {"trade_id": 849735312, "side": "buy", "size": "0.00707716", "price": "116878.47000000", "time": "2025-07-15T16:10:19.619453Z", "fetched_at": "2025-07-15T16:10:49.857075+00:00", "symbol": "BTC-USD"}, {"trade_id": 849735311, "side": "buy", "size": "0.07181388", "price": "116880.07000000", "time": "2025-07-15T16:10:19.619453Z", "fetched_at": "2025-07-15T16:10:49.857075+00:00", "symbol": "BTC-USD"}, {"trade_id": 849735310, "side": "buy", "size": "0.02160612", "price": "116880.07000000", "time": "2025-07-15T16:10:19.618938Z", "fetched_at": "2025-07-15T16:10:49.857075+00:00", "symbol": "BTC-USD"}, {"trade_id": 849735309, "side": "buy", "size": "0.12829388", "price": "116883.98000000", "time": "2025-07-15T16:10:19.618938Z", "fetched_at": "2025-07-15T16:10:49.857075+00:00", "symbol": "BTC-USD"}, {"trade_id": 849735308, "side": "buy", "size": "0.00001000", "price": "116886.56000000", "time": "2025-07-15T16:10:19.617740Z", "fetched_at": "2025-07-15T16:10:49.857075+00:00", "symbol": "BTC-USD"}, {"trade_id": 849735307, "side": "buy", "size": "0.00191912", "price": "116886.78000000", "time": "2025-07-15T16:10:19.617740Z", "fetched_at": "2025-07-15T16:10:49.857075+00:00", "symbol": "BTC-USD"}, {"trade_id": 849735306, "side": "buy", "size": "0.09773884", "price": "116886.78000000", "time": "2025-07-15T16:10:19.617291Z", "fetched_at": "2025-07-15T16:10:49.857075+00:00", "symbol": "BTC-USD"}, {"trade_id": 849735305, "side": "buy", "size": "0.02496116", "price": "116887.24000000", "time": "2025-07-15T16:10:19.617291Z", "fetched_at": "2025-07-15T16:10:49.857075+00:00", "symbol": "BTC-USD"}, {"trade_id": 849735304, "side": "buy", "size": "0.00700000", "price": "116887.24000000", "time": "2025-07-15T16:10:19.617169Z", "fetched_at": "2025-07-15T16:10:49.857075+00:00", "symbol": "BTC-USD"}, {"trade_id": 849735303, "side": "buy", "size": "0.02190000", "price": "116887.24000000", "time": "2025-07-15T16:10:19.616366Z", "fetched_at": "2025-07-15T16:10:49.857075+00:00", "symbol": "BTC-USD"}, {"trade_id": 849735302, "side": "buy", "size": "0.01448475", "price": "116891.08000000", "time": "2025-07-15T16:10:19.616109Z", "fetched_at": "2025-07-15T16:10:49.857075+00:00", "symbol": "BTC-USD"}, {"trade_id": 849735301, "side": "buy", "size": "0.00260000", "price": "116891.08000000", "time": "2025-07-15T16:10:19.615111Z", "fetched_at": "2025-07-15T16:10:49.857075+00:00", "symbol": "BTC-USD"}, {"trade_id": 849735300, "side": "buy", "size": "0.00429626", "price": "116891.08000000", "time": "2025-07-15T16:10:19.614678Z", "fetched_at": "2025-07-15T16:10:49.857075+00:00", "symbol": "BTC-USD"}, {"trade_id": 849735299, "side": "buy", "size": "0.01748013", "price": "116893.44000000", "time": "2025-07-15T16:10:19.614678Z", "fetched_at": "2025-07-15T16:10:49.857075+00:00", "symbol": "BTC-USD"}, {"trade_id": 849735298, "side": "buy", "size": "0.04268266", "price": "116893.44000000", "time": "2025-07-15T16:10:19.614678Z", "fetched_at": "2025-07-15T16:10:49.857075+00:00", "symbol": "BTC-USD"}, {"trade_id": 849735297, "side": "buy", "size": "0.00001000", "price": "116895.33000000", "time": "2025-07-15T16:10:19.614678Z", "fetched_at": "2025-07-15T16:10:49.857075+00:00", "symbol": "BTC-USD"}, {"trade_id": 849735296, "side": "buy", "size": "0.00153095", "price": "116895.74000000", "time": "2025-07-15T16:10:19.614678Z", "fetched_at": "2025-07-15T16:10:49.857075+00:00", "symbol": "BTC-USD"}, {"trade_id": 849735295, "side": "buy", "size": "0.06000000", "price": "116895.74000000", "time": "2025-07-15T16:10:19.614306Z", "fetched_at": "2025-07-15T16:10:49.857075+00:00", "symbol": "BTC-USD"}, {"trade_id": 849735294, "side": "buy", "size": "0.36600000", "price": "116895.74000000", "time": "2025-07-15T16:10:19.613132Z", "fetched_at": "2025-07-15T16:10:49.857075+00:00", "symbol": "BTC-USD"}, {"trade_id": 849735293, "side": "buy", "size": "0.09804422", "price": "116900.76000000", "time": "2025-07-15T16:10:19.612512Z", "fetched_at": "2025-07-15T16:10:49.857075+00:00", "symbol": "BTC-USD"}, {"trade_id": 849735292, "side": "buy", "size": "0.13230000", "price": "116901.90000000", "time": "2025-07-15T16:10:19.602731Z", "fetched_at": "2025-07-15T16:10:49.857075+00:00", "symbol": "BTC-USD"}, {"trade_id": 849735291, "side": "buy", "size": "0.01803738", "price": "116904.00000000", "time": "2025-07-15T16:10:19.602731Z", "fetched_at": "2025-07-15T16:10:49.857075+00:00", "symbol": "BTC-USD"}, {"trade_id": 849735290, "side": "buy", "size": "0.00017099", "price": "116904.10000000", "time": "2025-07-15T16:10:19.602731Z", "fetched_at": "2025-07-15T16:10:49.857075+00:00", "symbol": "BTC-USD"}, {"trade_id": 849735289, "side": "buy", "size": "0.27399193", "price": "116904.10000000", "time": "2025-07-15T16:10:19.602731Z", "fetched_at": "2025-07-15T16:10:49.857075+00:00", "symbol": "BTC-USD"}, {"trade_id": 849735288, "side": "buy", "size": "0.00000017", "price": "116904.10000000", "time": "2025-07-15T16:10:19.602731Z", "fetched_at": "2025-07-15T16:10:49.857075+00:00", "symbol": "BTC-USD"}, {"trade_id": 849735287, "side": "buy", "size": "0.00001000", "price": "116904.10000000", "time": "2025-07-15T16:10:19.602731Z", "fetched_at": "2025-07-15T16:10:49.857075+00:00", "symbol": "BTC-USD"}, {"trade_id": 849735286, "side": "buy", "size": "0.06345581", "price": "116905.88000000", "time": "2025-07-15T16:10:19.602731Z", "fetched_at": "2025-07-15T16:10:49.857075+00:00", "symbol": "BTC-USD"}, {"trade_id": 849735285, "side": "buy", "size": "0.11679932", "price": "116905.92000000", "time": "2025-07-15T16:10:19.602731Z", "fetched_at": "2025-07-15T16:10:49.857075+00:00", "symbol": "BTC-USD"}, {"trade_id": 849735284, "side": "buy", "size": "0.01006895", "price": "116905.93000000", "time": "2025-07-15T16:10:19.602731Z", "fetched_at": "2025-07-15T16:10:49.857075+00:00", "symbol": "BTC-USD"}, {"trade_id": 849735283, "side": "buy", "size": "0.00041000", "price": "116905.93000000", "time": "2025-07-15T16:10:19.601682Z", "fetched_at": "2025-07-15T16:10:49.857075+00:00", "symbol": "BTC-USD"}, {"trade_id": 849735282, "side": "buy", "size": "0.02786102", "price": "116905.93000000", "time": "2025-07-15T16:10:19.601586Z", "fetched_at": "2025-07-15T16:10:49.857075+00:00", "symbol": "BTC-USD"}, {"trade_id": 849735281, "side": "buy", "size": "0.00034205", "price": "116905.93000000", "time": "2025-07-15T16:10:19.601556Z", "fetched_at": "2025-07-15T16:10:49.857075+00:00", "symbol": "BTC-USD"}, {"trade_id": 849735280, "side": "buy", "size": "0.00006795", "price": "116905.94000000", "time": "2025-07-15T16:10:19.601556Z", "fetched_at": "2025-07-15T16:10:49.857075+00:00", "symbol": "BTC-USD"}, {"trade_id": 849735279, "side": "buy", "size": "0.00855345", "price": "116911.85000000", "time": "2025-07-15T16:10:19.600458Z", "fetched_at": "2025-07-15T16:10:49.857075+00:00", "symbol": "BTC-USD"}, {"trade_id": 849735278, "side": "buy", "size": "0.00000128", "price": "116913.25000000", "time": "2025-07-15T16:10:19.600458Z", "fetched_at": "2025-07-15T16:10:49.857075+00:00", "symbol": "BTC-USD"}, {"trade_id": 849735277, "side": "buy", "size": "0.00005953", "price": "116913.25000000", "time": "2025-07-15T16:10:19.600458Z", "fetched_at": "2025-07-15T16:10:49.857075+00:00", "symbol": "BTC-USD"}, {"trade_id": 849735276, "side": "buy", "size": "0.00231346", "price": "116913.60000000", "time": "2025-07-15T16:10:19.600458Z", "fetched_at": "2025-07-15T16:10:49.857075+00:00", "symbol": "BTC-USD"}, {"trade_id": 849735275, "side": "buy", "size": "0.03042336", "price": "116913.60000000", "time": "2025-07-15T16:10:19.600428Z", "fetched_at": "2025-07-15T16:10:49.857075+00:00", "symbol": "BTC-USD"}, {"trade_id": 849735274, "side": "sell", "size": "0.00041543", "price": "116920.87000000", "time": "2025-07-15T16:10:19.099846Z", "fetched_at": "2025-07-15T16:10:49.857075+00:00", "symbol": "BTC-USD"}, {"trade_id": 849735273, "side": "sell", "size": "0.00041553", "price": "116921.39000000", "time": "2025-07-15T16:10:18.997655Z", "fetched_at": "2025-07-15T16:10:49.857075+00:00", "symbol": "BTC-USD"}, {"trade_id": 849735272, "side": "sell", "size": "0.00580618", "price": "116921.74000000", "time": "2025-07-15T16:10:18.776484Z", "fetched_at": "2025-07-15T16:10:49.857075+00:00", "symbol": "BTC-USD"}, {"trade_id": 849735271, "side": "sell", "size": "0.00274120", "price": "116919.92000000", "time": "2025-07-15T16:10:18.776484Z", "fetched_at": "2025-07-15T16:10:49.857075+00:00", "symbol": "BTC-USD"}, {"trade_id": 849735270, "side": "sell", "size": "0.00023305", "price": "116920.73000000", "time": "2025-07-15T16:10:18.470037Z", "fetched_at": "2025-07-15T16:10:49.857075+00:00", "symbol": "BTC-USD"}, {"trade_id": 849735269, "side": "sell", "size": "0.00016617", "price": "116922.73000000", "time": "2025-07-15T16:10:18.379886Z", "fetched_at": "2025-07-15T16:10:49.857075+00:00", "symbol": "BTC-USD"}, {"trade_id": 849735268, "side": "buy", "size": "0.00855253", "price": "116924.40000000", "time": "2025-07-15T16:10:18.166672Z", "fetched_at": "2025-07-15T16:10:49.857075+00:00", "symbol": "BTC-USD"}, {"trade_id": 849735267, "side": "buy", "size": "0.00002213", "price": "116926.15000000", "time": "2025-07-15T16:10:18.166672Z", "fetched_at": "2025-07-15T16:10:49.857075+00:00", "symbol": "BTC-USD"}, {"trade_id": 849735266, "side": "buy", "size": "0.00000538", "price": "116926.15000000", "time": "2025-07-15T16:10:18.166672Z", "fetched_at": "2025-07-15T16:10:49.857075+00:00", "symbol": "BTC-USD"}, {"trade_id": 849735265, "side": "buy", "size": "1.96970381", "price": "116926.15000000", "time": "2025-07-15T16:10:18.166672Z", "fetched_at": "2025-07-15T16:10:49.857075+00:00", "symbol": "BTC-USD"}, {"trade_id": 849735264, "side": "sell", "size": "0.00008465", "price": "116926.16000000", "time": "2025-07-15T16:10:18.127693Z", "fetched_at": "2025-07-15T16:10:49.857075+00:00", "symbol": "BTC-USD"}, {"trade_id": 849735263, "side": "sell", "size": "0.00004022", "price": "116926.16000000", "time": "2025-07-15T16:10:17.925418Z", "fetched_at": "2025-07-15T16:10:49.857075+00:00", "symbol": "BTC-USD"}, {"trade_id": 849735262, "side": "sell", "size": "0.00062319", "price": "116926.16000000", "time": "2025-07-15T16:10:17.876327Z", "fetched_at": "2025-07-15T16:10:49.857075+00:00", "symbol": "BTC-USD"}, {"trade_id": 849735261, "side": "sell", "size": "0.00126991", "price": "116926.16000000", "time": "2025-07-15T16:10:17.830035Z", "fetched_at": "2025-07-15T16:10:49.857075+00:00", "symbol": "BTC-USD"}, {"trade_id": 849735260, "side": "sell", "size": "0.00066036", "price": "116926.16000000", "time": "2025-07-15T16:10:17.750798Z", "fetched_at": "2025-07-15T16:10:49.857075+00:00", "symbol": "BTC-USD"}, {"trade_id": 849735259, "side": "sell", "size": "0.00041549", "price": "116926.16000000", "time": "2025-07-15T16:10:17.498421Z", "fetched_at": "2025-07-15T16:10:49.857075+00:00", "symbol": "BTC-USD"}, {"trade_id": 849735258, "side": "sell", "size": "0.00083094", "price": "116926.16000000", "time": "2025-07-15T16:10:17.371409Z", "fetched_at": "2025-07-15T16:10:49.857075+00:00", "symbol": "BTC-USD"}, {"trade_id": 849735257, "side": "sell", "size": "0.00037979", "price": "116926.16000000", "time": "2025-07-15T16:10:17.153947Z", "fetched_at": "2025-07-15T16:10:49.857075+00:00", "symbol": "BTC-USD"}, {"trade_id": 849735256, "side": "sell", "size": "0.00043127", "price": "116926.16000000", "time": "2025-07-15T16:10:17.153947Z", "fetched_at": "2025-07-15T16:10:49.857075+00:00", "symbol": "BTC-USD"}, {"trade_id": 849735255, "side": "buy", "size": "0.00431923", "price": "116926.15000000", "time": "2025-07-15T16:10:17.063066Z", "fetched_at": "2025-07-15T16:10:49.857075+00:00", "symbol": "BTC-USD"}, {"trade_id": 849735254, "side": "buy", "size": "0.00119526", "price": "116926.15000000", "time": "2025-07-15T16:10:16.790618Z", "fetched_at": "2025-07-15T16:10:49.857075+00:00", "symbol": "BTC-USD"}, {"trade_id": 849735253, "side": "sell", "size": "0.00020772", "price": "116926.16000000", "time": "2025-07-15T16:10:16.490773Z", "fetched_at": "2025-07-15T16:10:49.857075+00:00", "symbol": "BTC-USD"}, {"trade_id": 849735252, "side": "sell", "size": "0.00016617", "price": "116926.16000000", "time": "2025-07-15T16:10:16.370510Z", "fetched_at": "2025-07-15T16:10:49.857075+00:00", "symbol": "BTC-USD"}, {"trade_id": 849735251, "side": "sell", "size": "0.00124642", "price": "116926.16000000", "time": "2025-07-15T16:10:16.014861Z", "fetched_at": "2025-07-15T16:10:49.857075+00:00", "symbol": "BTC-USD"}, {"trade_id": 849735250, "side": "sell", "size": "0.00041549", "price": "116926.16000000", "time": "2025-07-15T16:10:15.840089Z", "fetched_at": "2025-07-15T16:10:49.857075+00:00", "symbol": "BTC-USD"}, {"trade_id": 849735249, "side": "sell", "size": "0.00016213", "price": "116926.16000000", "time": "2025-07-15T16:10:15.770216Z", "fetched_at": "2025-07-15T16:10:49.857075+00:00", "symbol": "BTC-USD"}, {"trade_id": 849735248, "side": "sell", "size": "0.00423249", "price": "116926.16000000", "time": "2025-07-15T16:10:15.610751Z", "fetched_at": "2025-07-15T16:10:49.857075+00:00", "symbol": "BTC-USD"}, {"trade_id": 849735247, "side": "sell", "size": "0.00015427", "price": "116926.16000000", "time": "2025-07-15T16:10:15.575369Z", "fetched_at": "2025-07-15T16:10:49.857075+00:00", "symbol": "BTC-USD"}, {"trade_id": 849735246, "side": "sell", "size": "0.00041547", "price": "116926.70000000", "time": "2025-07-15T16:10:15.254835Z", "fetched_at": "2025-07-15T16:10:49.857075+00:00", "symbol": "BTC-USD"}, {"trade_id": 849735245, "side": "sell", "size": "0.00041547", "price": "116926.70000000", "time": "2025-07-15T16:10:15.249395Z", "fetched_at": "2025-07-15T16:10:49.857075+00:00", "symbol": "BTC-USD"}, {"trade_id": 849735244, "side": "sell", "size": "0.00020275", "price": "116926.70000000", "time": "2025-07-15T16:10:15.240441Z", "fetched_at": "2025-07-15T16:10:49.857075+00:00", "symbol": "BTC-USD"}, {"trade_id": 849735243, "side": "sell", "size": "0.00008466", "price": "116926.70000000", "time": "2025-07-15T16:10:15.076988Z", "fetched_at": "2025-07-15T16:10:49.857075+00:00", "symbol": "BTC-USD"}, {"trade_id": 849735242, "side": "sell", "size": "0.00083093", "price": "116926.70000000", "time": "2025-07-15T16:10:15.064154Z", "fetched_at": "2025-07-15T16:10:49.857075+00:00", "symbol": "BTC-USD"}, {"trade_id": 849735241, "side": "sell", "size": "0.00134625", "price": "116926.73000000", "time": "2025-07-15T16:10:14.972841Z", "fetched_at": "2025-07-15T16:10:49.857075+00:00", "symbol": "BTC-USD"}, {"trade_id": 849735240, "side": "sell", "size": "0.00050726", "price": "116926.71000000", "time": "2025-07-15T16:10:14.972841Z", "fetched_at": "2025-07-15T16:10:49.857075+00:00", "symbol": "BTC-USD"}, {"trade_id": 849735239, "side": "sell", "size": "0.00020774", "price": "116926.71000000", "time": "2025-07-15T16:10:14.827729Z", "fetched_at": "2025-07-15T16:10:49.857075+00:00", "symbol": "BTC-USD"}, {"trade_id": 849735238, "side": "sell", "size": "0.00207660", "price": "116926.71000000", "time": "2025-07-15T16:10:14.770625Z", "fetched_at": "2025-07-15T16:10:49.857075+00:00", "symbol": "BTC-USD"}, {"trade_id": 849735237, "side": "sell", "size": "0.00060703", "price": "116926.73000000", "time": "2025-07-15T16:10:14.756160Z", "fetched_at": "2025-07-15T16:10:49.857075+00:00", "symbol": "BTC-USD"}, {"trade_id": 849735236, "side": "sell", "size": "0.00066280", "price": "116926.72000000", "time": "2025-07-15T16:10:14.756160Z", "fetched_at": "2025-07-15T16:10:49.857075+00:00", "symbol": "BTC-USD"}, {"trade_id": 849735235, "side": "sell", "size": "0.00016616", "price": "116926.72000000", "time": "2025-07-15T16:10:14.662120Z", "fetched_at": "2025-07-15T16:10:49.857075+00:00", "symbol": "BTC-USD"}, {"trade_id": 849735234, "side": "sell", "size": "0.00207744", "price": "116926.72000000", "time": "2025-07-15T16:10:14.628613Z", "fetched_at": "2025-07-15T16:10:49.857075+00:00", "symbol": "BTC-USD"}, {"trade_id": 849735233, "side": "sell", "size": "0.00041549", "price": "116926.73000000", "time": "2025-07-15T16:10:14.615047Z", "fetched_at": "2025-07-15T16:10:49.857075+00:00", "symbol": "BTC-USD"}, {"trade_id": 849735232, "side": "sell", "size": "0.00001431", "price": "116926.78000000", "time": "2025-07-15T16:10:14.263618Z", "fetched_at": "2025-07-15T16:10:49.857075+00:00", "symbol": "BTC-USD"}, {"trade_id": 849735231, "side": "sell", "size": "0.00169304", "price": "116926.78000000", "time": "2025-07-15T16:10:14.250940Z", "fetched_at": "2025-07-15T16:10:49.857075+00:00", "symbol": "BTC-USD"}, {"trade_id": 849735230, "side": "sell", "size": "0.00052488", "price": "116926.78000000", "time": "2025-07-15T16:10:14.122665Z", "fetched_at": "2025-07-15T16:10:49.857075+00:00", "symbol": "BTC-USD"}, {"trade_id": 849735229, "side": "sell", "size": "0.00008254", "price": "116926.80000000", "time": "2025-07-15T16:10:14.001709Z", "fetched_at": "2025-07-15T16:10:49.857075+00:00", "symbol": "BTC-USD"}, {"trade_id": 849735228, "side": "sell", "size": "0.00091263", "price": "116926.83000000", "time": "2025-07-15T16:10:13.954166Z", "fetched_at": "2025-07-15T16:10:49.857075+00:00", "symbol": "BTC-USD"}, {"trade_id": 849735227, "side": "sell", "size": "0.00083058", "price": "116926.87000000", "time": "2025-07-15T16:10:13.812572Z", "fetched_at": "2025-07-15T16:10:49.857075+00:00", "symbol": "BTC-USD"}, {"trade_id": 849735226, "side": "sell", "size": "0.00084621", "price": "116926.88000000", "time": "2025-07-15T16:10:13.795654Z", "fetched_at": "2025-07-15T16:10:49.857075+00:00", "symbol": "BTC-USD"}, {"trade_id": 849735225, "side": "sell", "size": "0.00041547", "price": "116926.88000000", "time": "2025-07-15T16:10:13.777716Z", "fetched_at": "2025-07-15T16:10:49.857075+00:00", "symbol": "BTC-USD"}, {"trade_id": 849735224, "side": "sell", "size": "0.00166190", "price": "116926.88000000", "time": "2025-07-15T16:10:13.693849Z", "fetched_at": "2025-07-15T16:10:49.857075+00:00", "symbol": "BTC-USD"}, {"trade_id": 849735223, "side": "sell", "size": "0.00016220", "price": "116926.92000000", "time": "2025-07-15T16:10:13.625525Z", "fetched_at": "2025-07-15T16:10:49.857075+00:00", "symbol": "BTC-USD"}, {"trade_id": 849735222, "side": "sell", "size": "0.00062323", "price": "116926.92000000", "time": "2025-07-15T16:10:13.601391Z", "fetched_at": "2025-07-15T16:10:49.857075+00:00", "symbol": "BTC-USD"}, {"trade_id": 849735221, "side": "sell", "size": "0.00207735", "price": "116926.92000000", "time": "2025-07-15T16:10:13.595112Z", "fetched_at": "2025-07-15T16:10:49.857075+00:00", "symbol": "BTC-USD"}, {"trade_id": 849735220, "side": "sell", "size": "0.00009448", "price": "116926.93000000", "time": "2025-07-15T16:10:13.541796Z", "fetched_at": "2025-07-15T16:10:49.857075+00:00", "symbol": "BTC-USD"}, {"trade_id": 849735219, "side": "sell", "size": "0.00049860", "price": "116926.95000000", "time": "2025-07-15T16:10:13.484218Z", "fetched_at": "2025-07-15T16:10:49.857075+00:00", "symbol": "BTC-USD"}, {"trade_id": 849735218, "side": "sell", "size": "0.00499782", "price": "116926.95000000", "time": "2025-07-15T16:10:13.480105Z", "fetched_at": "2025-07-15T16:10:49.857075+00:00", "symbol": "BTC-USD"}, {"trade_id": 849735217, "side": "sell", "size": "0.00309960", "price": "116926.95000000", "time": "2025-07-15T16:10:13.480105Z", "fetched_at": "2025-07-15T16:10:49.857075+00:00", "symbol": "BTC-USD"}, {"trade_id": 849735216, "side": "sell", "size": "0.00871162", "price": "116927.00000000", "time": "2025-07-15T16:10:13.246525Z", "fetched_at": "2025-07-15T16:10:49.857075+00:00", "symbol": "BTC-USD"}, {"trade_id": 849735215, "side": "sell", "size": "0.02232952", "price": "116927.00000000", "time": "2025-07-15T16:10:13.246525Z", "fetched_at": "2025-07-15T16:10:49.857075+00:00", "symbol": "BTC-USD"}, {"trade_id": 849735214, "side": "sell", "size": "0.00281960", "price": "116927.00000000", "time": "2025-07-15T16:10:13.246525Z", "fetched_at": "2025-07-15T16:10:49.857075+00:00", "symbol": "BTC-USD"}, {"trade_id": 849735213, "side": "sell", "size": "0.01624372", "price": "116927.38000000", "time": "2025-07-15T16:10:12.348905Z", "fetched_at": "2025-07-15T16:10:49.857075+00:00", "symbol": "BTC-USD"}, {"trade_id": 849735212, "side": "sell", "size": "0.00000273", "price": "116927.32000000", "time": "2025-07-15T16:10:12.348905Z", "fetched_at": "2025-07-15T16:10:49.857075+00:00", "symbol": "BTC-USD"}, {"trade_id": 849735211, "side": "sell", "size": "0.06149351", "price": "116927.23000000", "time": "2025-07-15T16:10:12.348905Z", "fetched_at": "2025-07-15T16:10:49.857075+00:00", "symbol": "BTC-USD"}, {"trade_id": 849735210, "side": "sell", "size": "0.00022788", "price": "116927.19000000", "time": "2025-07-15T16:10:12.348905Z", "fetched_at": "2025-07-15T16:10:49.857075+00:00", "symbol": "BTC-USD"}, {"trade_id": 849735209, "side": "sell", "size": "0.13230000", "price": "116927.19000000", "time": "2025-07-15T16:10:12.348905Z", "fetched_at": "2025-07-15T16:10:49.857075+00:00", "symbol": "BTC-USD"}, {"trade_id": 849735208, "side": "sell", "size": "0.00262080", "price": "116927.19000000", "time": "2025-07-15T16:10:12.348905Z", "fetched_at": "2025-07-15T16:10:49.857075+00:00", "symbol": "BTC-USD"}, {"trade_id": 849735207, "side": "sell", "size": "0.00005557", "price": "116927.39000000", "time": "2025-07-15T16:10:11.524792Z", "fetched_at": "2025-07-15T16:10:49.857075+00:00", "symbol": "BTC-USD"}, {"trade_id": 849735206, "side": "sell", "size": "0.00084655", "price": "116929.09000000", "time": "2025-07-15T16:10:11.521524Z", "fetched_at": "2025-07-15T16:10:49.857075+00:00", "symbol": "BTC-USD"}, {"trade_id": 849735205, "side": "sell", "size": "0.00855389", "price": "116905.86000000", "time": "2025-07-15T16:10:11.272534Z", "fetched_at": "2025-07-15T16:10:49.857075+00:00", "symbol": "BTC-USD"}, {"trade_id": 849735204, "side": "sell", "size": "0.00245000", "price": "116904.11000000", "time": "2025-07-15T16:10:11.272534Z", "fetched_at": "2025-07-15T16:10:49.857075+00:00", "symbol": "BTC-USD"}, {"trade_id": 849735203, "side": "sell", "size": "0.00010129", "price": "116904.11000000", "time": "2025-07-15T16:10:11.272534Z", "fetched_at": "2025-07-15T16:10:49.857075+00:00", "symbol": "BTC-USD"}, {"trade_id": 849735202, "side": "sell", "size": "0.00000089", "price": "116904.11000000", "time": "2025-07-15T16:10:11.272534Z", "fetched_at": "2025-07-15T16:10:49.857075+00:00", "symbol": "BTC-USD"}, {"trade_id": 849735201, "side": "sell", "size": "0.00001354", "price": "116904.11000000", "time": "2025-07-15T16:10:11.272534Z", "fetched_at": "2025-07-15T16:10:49.857075+00:00", "symbol": "BTC-USD"}, {"trade_id": 849735200, "side": "sell", "size": "0.00276460", "price": "116910.28000000", "time": "2025-07-15T16:10:11.048603Z", "fetched_at": "2025-07-15T16:10:49.857075+00:00", "symbol": "BTC-USD"}, {"trade_id": 849735199, "side": "sell", "size": "0.00855389", "price": "116905.86000000", "time": "2025-07-15T16:10:11.048603Z", "fetched_at": "2025-07-15T16:10:49.857075+00:00", "symbol": "BTC-USD"}, {"trade_id": 849735198, "side": "sell", "size": "0.00001328", "price": "116904.11000000", "time": "2025-07-15T16:10:11.048603Z", "fetched_at": "2025-07-15T16:10:49.857075+00:00", "symbol": "BTC-USD"}, {"trade_id": 849735197, "side": "sell", "size": "0.00000153", "price": "116904.11000000", "time": "2025-07-15T16:10:11.048603Z", "fetched_at": "2025-07-15T16:10:49.857075+00:00", "symbol": "BTC-USD"}, {"trade_id": 849735196, "side": "sell", "size": "0.00000439", "price": "116904.11000000", "time": "2025-07-15T16:10:11.048603Z", "fetched_at": "2025-07-15T16:10:49.857075+00:00", "symbol": "BTC-USD"}, {"trade_id": 849735195, "side": "sell", "size": "0.00112182", "price": "116904.11000000", "time": "2025-07-15T16:10:11.048603Z", "fetched_at": "2025-07-15T16:10:49.857075+00:00", "symbol": "BTC-USD"}, {"trade_id": 849735194, "side": "sell", "size": "0.00033235", "price": "116904.11000000", "time": "2025-07-15T16:10:10.819083Z", "fetched_at": "2025-07-15T16:10:49.857075+00:00", "symbol": "BTC-USD"}, {"trade_id": 849735193, "side": "sell", "size": "0.00081103", "price": "116904.11000000", "time": "2025-07-15T16:10:10.815707Z", "fetched_at": "2025-07-15T16:10:49.857075+00:00", "symbol": "BTC-USD"}, {"trade_id": 849735192, "side": "sell", "size": "0.00008465", "price": "116904.39000000", "time": "2025-07-15T16:10:09.928495Z", "fetched_at": "2025-07-15T16:10:49.857075+00:00", "symbol": "BTC-USD"}, {"trade_id": 849735191, "side": "sell", "size": "0.00004729", "price": "116911.99000000", "time": "2025-07-15T16:10:09.733582Z", "fetched_at": "2025-07-15T16:10:49.857075+00:00", "symbol": "BTC-USD"}, {"trade_id": 849735190, "side": "sell", "size": "0.00003380", "price": "116904.40000000", "time": "2025-07-15T16:10:09.733582Z", "fetched_at": "2025-07-15T16:10:49.857075+00:00", "symbol": "BTC-USD"}, {"trade_id": 849735189, "side": "buy", "size": "0.02137716", "price": "116912.13000000", "time": "2025-07-15T16:10:09.720011Z", "fetched_at": "2025-07-15T16:10:49.857075+00:00", "symbol": "BTC-USD"}, {"trade_id": 849735188, "side": "buy", "size": "0.09390641", "price": "116919.05000000", "time": "2025-07-15T16:10:09.712194Z", "fetched_at": "2025-07-15T16:10:49.857075+00:00", "symbol": "BTC-USD"}, {"trade_id": 849735187, "side": "buy", "size": "0.14317608", "price": "116919.05000000", "time": "2025-07-15T16:10:09.712110Z", "fetched_at": "2025-07-15T16:10:49.857075+00:00", "symbol": "BTC-USD"}, {"trade_id": 849735186, "side": "buy", "size": "0.00001000", "price": "116912.87000000", "time": "2025-07-15T16:10:09.711818Z", "fetched_at": "2025-07-15T16:10:49.857075+00:00", "symbol": "BTC-USD"}, {"trade_id": 849735185, "side": "buy", "size": "0.00481964", "price": "116914.74000000", "time": "2025-07-15T16:10:09.711329Z", "fetched_at": "2025-07-15T16:10:49.857075+00:00", "symbol": "BTC-USD"}, {"trade_id": 849735184, "side": "buy", "size": "0.02486245", "price": "116914.74000000", "time": "2025-07-15T16:10:09.710730Z", "fetched_at": "2025-07-15T16:10:49.857075+00:00", "symbol": "BTC-USD"}, {"trade_id": 849735183, "side": "buy", "size": "0.02673382", "price": "116914.74000000", "time": "2025-07-15T16:10:09.710266Z", "fetched_at": "2025-07-15T16:10:49.857075+00:00", "symbol": "BTC-USD"}, {"trade_id": 849735182, "side": "buy", "size": "0.03427759", "price": "116914.74000000", "time": "2025-07-15T16:10:09.710061Z", "fetched_at": "2025-07-15T16:10:49.857075+00:00", "symbol": "BTC-USD"}, {"trade_id": 849735181, "side": "buy", "size": "0.00670129", "price": "116914.74000000", "time": "2025-07-15T16:10:09.709056Z", "fetched_at": "2025-07-15T16:10:49.857075+00:00", "symbol": "BTC-USD"}, {"trade_id": 849735180, "side": "buy", "size": "0.00855305", "price": "116917.30000000", "time": "2025-07-15T16:10:09.708698Z", "fetched_at": "2025-07-15T16:10:49.857075+00:00", "symbol": "BTC-USD"}, {"trade_id": 849735179, "side": "buy", "size": "0.00000162", "price": "116919.05000000", "time": "2025-07-15T16:10:09.708698Z", "fetched_at": "2025-07-15T16:10:49.857075+00:00", "symbol": "BTC-USD"}, {"trade_id": 849735178, "side": "buy", "size": "0.00034220", "price": "116919.05000000", "time": "2025-07-15T16:10:09.708698Z", "fetched_at": "2025-07-15T16:10:49.857075+00:00", "symbol": "BTC-USD"}, {"trade_id": 849735177, "side": "buy", "size": "0.01014159", "price": "116919.05000000", "time": "2025-07-15T16:10:09.708698Z", "fetched_at": "2025-07-15T16:10:49.857075+00:00", "symbol": "BTC-USD"}, {"trade_id": 849735176, "side": "buy", "size": "0.02673283", "price": "116919.05000000", "time": "2025-07-15T16:10:09.708167Z", "fetched_at": "2025-07-15T16:10:49.857075+00:00", "symbol": "BTC-USD"}, {"trade_id": 849735175, "side": "buy", "size": "0.06078000", "price": "116919.05000000", "time": "2025-07-15T16:10:09.623352Z", "fetched_at": "2025-07-15T16:10:49.857075+00:00", "symbol": "BTC-USD"}, {"trade_id": 849735174, "side": "buy", "size": "0.08600000", "price": "116919.05000000", "time": "2025-07-15T16:10:09.228468Z", "fetched_at": "2025-07-15T16:10:49.857075+00:00", "symbol": "BTC-USD"}, {"trade_id": 849735173, "side": "sell", "size": "0.00415320", "price": "116919.06000000", "time": "2025-07-15T16:10:09.162377Z", "fetched_at": "2025-07-15T16:10:49.857075+00:00", "symbol": "BTC-USD"}, {"trade_id": 849735172, "side": "buy", "size": "0.04282000", "price": "116919.05000000", "time": "2025-07-15T16:10:08.817279Z", "fetched_at": "2025-07-15T16:10:49.857075+00:00", "symbol": "BTC-USD"}, {"trade_id": 849735171, "side": "buy", "size": "0.01919000", "price": "116919.05000000", "time": "2025-07-15T16:10:08.814862Z", "fetched_at": "2025-07-15T16:10:49.857075+00:00", "symbol": "BTC-USD"}, {"trade_id": 849735170, "side": "buy", "size": "0.01042581", "price": "116919.05000000", "time": "2025-07-15T16:10:08.811163Z", "fetched_at": "2025-07-15T16:10:49.857075+00:00", "symbol": "BTC-USD"}, {"trade_id": 849735169, "side": "buy", "size": "0.01786666", "price": "116919.05000000", "time": "2025-07-15T16:10:08.803069Z", "fetched_at": "2025-07-15T16:10:49.857075+00:00", "symbol": "BTC-USD"}, {"trade_id": 849735168, "side": "buy", "size": "0.00000325", "price": "116919.05000000", "time": "2025-07-15T16:10:08.803069Z", "fetched_at": "2025-07-15T16:10:49.857075+00:00", "symbol": "BTC-USD"}, {"trade_id": 849735167, "side": "sell", "size": "0.00016608", "price": "116919.06000000", "time": "2025-07-15T16:10:08.721762Z", "fetched_at": "2025-07-15T16:10:49.857075+00:00", "symbol": "BTC-USD"}, {"trade_id": 849735166, "side": "buy", "size": "0.01893792", "price": "116920.75000000", "time": "2025-07-15T16:10:08.681695Z", "fetched_at": "2025-07-15T16:10:49.857075+00:00", "symbol": "BTC-USD"}, {"trade_id": 849735165, "side": "buy", "size": "0.00001000", "price": "116921.64000000", "time": "2025-07-15T16:10:08.681695Z", "fetched_at": "2025-07-15T16:10:49.857075+00:00", "symbol": "BTC-USD"}, {"trade_id": 849735164, "side": "buy", "size": "0.09955956", "price": "116928.72000000", "time": "2025-07-15T16:10:08.229346Z", "fetched_at": "2025-07-15T16:10:49.857075+00:00", "symbol": "BTC-USD"}, {"trade_id": 849735163, "side": "buy", "size": "0.00508024", "price": "116929.20000000", "time": "2025-07-15T16:10:08.229346Z", "fetched_at": "2025-07-15T16:10:49.857075+00:00", "symbol": "BTC-USD"}, {"trade_id": 849735162, "side": "buy", "size": "0.00340780", "price": "116929.20000000", "time": "2025-07-15T16:10:08.227480Z", "fetched_at": "2025-07-15T16:10:49.857075+00:00", "symbol": "BTC-USD"}, {"trade_id": 849735161, "side": "buy", "size": "0.01710248", "price": "116930.39000000", "time": "2025-07-15T16:10:08.163735Z", "fetched_at": "2025-07-15T16:10:49.857075+00:00", "symbol": "BTC-USD"}, {"trade_id": 849735160, "side": "buy", "size": "0.00001000", "price": "116930.41000000", "time": "2025-07-15T16:10:08.163735Z", "fetched_at": "2025-07-15T16:10:49.857075+00:00", "symbol": "BTC-USD"}, {"trade_id": 849735159, "side": "buy", "size": "0.00203855", "price": "116931.05000000", "time": "2025-07-15T16:10:08.105862Z", "fetched_at": "2025-07-15T16:10:49.857075+00:00", "symbol": "BTC-USD"}, {"trade_id": 849735158, "side": "buy", "size": "0.23570844", "price": "116931.05000000", "time": "2025-07-15T16:10:08.105862Z", "fetched_at": "2025-07-15T16:10:49.857075+00:00", "symbol": "BTC-USD"}, {"trade_id": 849735157, "side": "buy", "size": "0.01987489", "price": "116931.05000000", "time": "2025-07-15T16:10:08.085311Z", "fetched_at": "2025-07-15T16:10:49.857075+00:00", "symbol": "BTC-USD"}, {"trade_id": 849735156, "side": "buy", "size": "0.01834545", "price": "116931.05000000", "time": "2025-07-15T16:10:08.084325Z", "fetched_at": "2025-07-15T16:10:49.857075+00:00", "symbol": "BTC-USD"}, {"trade_id": 849735155, "side": "buy", "size": "0.00000359", "price": "116931.05000000", "time": "2025-07-15T16:10:08.084325Z", "fetched_at": "2025-07-15T16:10:49.857075+00:00", "symbol": "BTC-USD"}, {"trade_id": 849735154, "side": "buy", "size": "0.00000059", "price": "116931.05000000", "time": "2025-07-15T16:10:08.084325Z", "fetched_at": "2025-07-15T16:10:49.857075+00:00", "symbol": "BTC-USD"}, {"trade_id": 849735153, "side": "buy", "size": "0.00636821", "price": "116931.05000000", "time": "2025-07-15T16:10:08.084325Z", "fetched_at": "2025-07-15T16:10:49.857075+00:00", "symbol": "BTC-USD"}, {"trade_id": 849735152, "side": "buy", "size": "0.01098639", "price": "116931.05000000", "time": "2025-07-15T16:10:08.083680Z", "fetched_at": "2025-07-15T16:10:49.857075+00:00", "symbol": "BTC-USD"}, {"trade_id": 849735151, "side": "sell", "size": "0.00021154", "price": "116931.06000000", "time": "2025-07-15T16:10:08.079425Z", "fetched_at": "2025-07-15T16:10:49.857075+00:00", "symbol": "BTC-USD"}, {"trade_id": 849735150, "side": "buy", "size": "0.01358787", "price": "116932.72000000", "time": "2025-07-15T16:10:06.684709Z", "fetched_at": "2025-07-15T16:10:49.857075+00:00", "symbol": "BTC-USD"}, {"trade_id": 849735149, "side": "buy", "size": "0.04983827", "price": "116932.72000000", "time": "2025-07-15T16:10:06.683353Z", "fetched_at": "2025-07-15T16:10:49.857075+00:00", "symbol": "BTC-USD"}, {"trade_id": 849735148, "side": "buy", "size": "0.00855156", "price": "116937.77000000", "time": "2025-07-15T16:10:06.683353Z", "fetched_at": "2025-07-15T16:10:49.857075+00:00", "symbol": "BTC-USD"}, {"trade_id": 849735147, "side": "buy", "size": "0.05000000", "price": "116938.05000000", "time": "2025-07-15T16:10:06.683353Z", "fetched_at": "2025-07-15T16:10:49.857075+00:00", "symbol": "BTC-USD"}, {"trade_id": 849735146, "side": "buy", "size": "0.00080110", "price": "116938.20000000", "time": "2025-07-15T16:10:06.683353Z", "fetched_at": "2025-07-15T16:10:49.857075+00:00", "symbol": "BTC-USD"}, {"trade_id": 849735145, "side": "buy", "size": "0.00002967", "price": "116939.18000000", "time": "2025-07-15T16:10:06.683353Z", "fetched_at": "2025-07-15T16:10:49.857075+00:00", "symbol": "BTC-USD"}, {"trade_id": 849735144, "side": "buy", "size": "0.00001068", "price": "116939.18000000", "time": "2025-07-15T16:10:06.683353Z", "fetched_at": "2025-07-15T16:10:49.857075+00:00", "symbol": "BTC-USD"}, {"trade_id": 849735143, "side": "buy", "size": "0.00135882", "price": "116939.18000000", "time": "2025-07-15T16:10:06.683353Z", "fetched_at": "2025-07-15T16:10:49.857075+00:00", "symbol": "BTC-USD"}, {"trade_id": 849735142, "side": "buy", "size": "0.17730057", "price": "116939.18000000", "time": "2025-07-15T16:10:06.683353Z", "fetched_at": "2025-07-15T16:10:49.857075+00:00", "symbol": "BTC-USD"}, {"trade_id": 849735141, "side": "buy", "size": "0.02104269", "price": "116939.18000000", "time": "2025-07-15T16:10:06.635489Z", "fetched_at": "2025-07-15T16:10:49.857075+00:00", "symbol": "BTC-USD"}, {"trade_id": 849735140, "side": "buy", "size": "0.04234709", "price": "116939.18000000", "time": "2025-07-15T16:10:06.635363Z", "fetched_at": "2025-07-15T16:10:49.857075+00:00", "symbol": "BTC-USD"}, {"trade_id": 849735139, "side": "buy", "size": "0.03269971", "price": "116939.18000000", "time": "2025-07-15T16:10:06.632670Z", "fetched_at": "2025-07-15T16:10:49.857075+00:00", "symbol": "BTC-USD"}, {"trade_id": 849735138, "side": "buy", "size": "0.00009407", "price": "116939.20000000", "time": "2025-07-15T16:10:06.632670Z", "fetched_at": "2025-07-15T16:10:49.857075+00:00", "symbol": "BTC-USD"}, {"trade_id": 849735137, "side": "buy", "size": "0.00000119", "price": "116939.20000000", "time": "2025-07-15T16:10:06.632670Z", "fetched_at": "2025-07-15T16:10:49.857075+00:00", "symbol": "BTC-USD"}, {"trade_id": 849735136, "side": "buy", "size": "0.00004942", "price": "116939.20000000", "time": "2025-07-15T16:10:06.632670Z", "fetched_at": "2025-07-15T16:10:49.857075+00:00", "symbol": "BTC-USD"}, {"trade_id": 849735135, "side": "sell", "size": "0.00610872", "price": "116946.62000000", "time": "2025-07-15T16:10:06.211674Z", "fetched_at": "2025-07-15T16:10:49.857075+00:00", "symbol": "BTC-USD"}, {"trade_id": 849735134, "side": "sell", "size": "0.00018193", "price": "116944.97000000", "time": "2025-07-15T16:10:06.211674Z", "fetched_at": "2025-07-15T16:10:49.857075+00:00", "symbol": "BTC-USD"}, {"trade_id": 849735133, "side": "sell", "size": "0.00224840", "price": "116944.64000000", "time": "2025-07-15T16:10:06.211674Z", "fetched_at": "2025-07-15T16:10:49.857075+00:00", "symbol": "BTC-USD"}, {"trade_id": 849735132, "side": "sell", "size": "0.00001190", "price": "116944.63000000", "time": "2025-07-15T16:10:06.211674Z", "fetched_at": "2025-07-15T16:10:49.857075+00:00", "symbol": "BTC-USD"}, {"trade_id": 849735131, "side": "sell", "size": "0.00007126", "price": "116944.97000000", "time": "2025-07-15T16:10:06.080093Z", "fetched_at": "2025-07-15T16:10:49.857075+00:00", "symbol": "BTC-USD"}, {"trade_id": 849735130, "side": "sell", "size": "0.00001187", "price": "116944.72000000", "time": "2025-07-15T16:10:06.080093Z", "fetched_at": "2025-07-15T16:10:49.857075+00:00", "symbol": "BTC-USD"}, {"trade_id": 849735129, "side": "buy", "size": "0.00051967", "price": "116939.18000000", "time": "2025-07-15T16:10:05.253585Z", "fetched_at": "2025-07-15T16:10:49.857075+00:00", "symbol": "BTC-USD"}, {"trade_id": 849735128, "side": "buy", "size": "0.00000350", "price": "116939.18000000", "time": "2025-07-15T16:10:05.253585Z", "fetched_at": "2025-07-15T16:10:49.857075+00:00", "symbol": "BTC-USD"}, {"trade_id": 849735127, "side": "buy", "size": "0.00001000", "price": "116939.18000000", "time": "2025-07-15T16:10:05.253585Z", "fetched_at": "2025-07-15T16:10:49.857075+00:00", "symbol": "BTC-USD"}, {"trade_id": 849735126, "side": "buy", "size": "0.00009406", "price": "116944.96000000", "time": "2025-07-15T16:10:05.253585Z", "fetched_at": "2025-07-15T16:10:49.857075+00:00", "symbol": "BTC-USD"}, {"trade_id": 849735125, "side": "buy", "size": "0.00015237", "price": "116944.96000000", "time": "2025-07-15T16:10:05.253585Z", "fetched_at": "2025-07-15T16:10:49.857075+00:00", "symbol": "BTC-USD"}, {"trade_id": 849735124, "side": "sell", "size": "0.00548155", "price": "116952.00000000", "time": "2025-07-15T16:10:04.488391Z", "fetched_at": "2025-07-15T16:10:49.857075+00:00", "symbol": "BTC-USD"}, {"trade_id": 849735123, "side": "sell", "size": "0.00001217", "price": "116951.99000000", "time": "2025-07-15T16:10:04.488391Z", "fetched_at": "2025-07-15T16:10:49.857075+00:00", "symbol": "BTC-USD"}, {"trade_id": 849735122, "side": "sell", "size": "0.00020254", "price": "116948.87000000", "time": "2025-07-15T16:10:04.488391Z", "fetched_at": "2025-07-15T16:10:49.857075+00:00", "symbol": "BTC-USD"}, {"trade_id": 849735121, "side": "sell", "size": "0.00000427", "price": "116948.87000000", "time": "2025-07-15T16:10:04.488391Z", "fetched_at": "2025-07-15T16:10:49.857075+00:00", "symbol": "BTC-USD"}, {"trade_id": 849735120, "side": "sell", "size": "0.00000664", "price": "116948.87000000", "time": "2025-07-15T16:10:04.488391Z", "fetched_at": "2025-07-15T16:10:49.857075+00:00", "symbol": "BTC-USD"}, {"trade_id": 849735119, "side": "sell", "size": "0.00002067", "price": "116948.87000000", "time": "2025-07-15T16:10:04.488391Z", "fetched_at": "2025-07-15T16:10:49.857075+00:00", "symbol": "BTC-USD"}, {"trade_id": 849735118, "side": "sell", "size": "0.00257880", "price": "116948.56000000", "time": "2025-07-15T16:10:04.488391Z", "fetched_at": "2025-07-15T16:10:49.857075+00:00", "symbol": "BTC-USD"}, {"trade_id": 849735117, "side": "sell", "size": "0.00016212", "price": "116948.58000000", "time": "2025-07-15T16:10:04.445480Z", "fetched_at": "2025-07-15T16:10:49.857075+00:00", "symbol": "BTC-USD"}, {"trade_id": 849735116, "side": "buy", "size": "0.00427547", "price": "116946.15000000", "time": "2025-07-15T16:10:03.892143Z", "fetched_at": "2025-07-15T16:10:49.857075+00:00", "symbol": "BTC-USD"}, {"trade_id": 849735115, "side": "sell", "size": "0.11101680", "price": "116966.93000000", "time": "2025-07-15T16:10:03.589948Z", "fetched_at": "2025-07-15T16:10:49.857075+00:00", "symbol": "BTC-USD"}, {"trade_id": 849735114, "side": "sell", "size": "0.40000000", "price": "116966.00000000", "time": "2025-07-15T16:10:03.589948Z", "fetched_at": "2025-07-15T16:10:49.857075+00:00", "symbol": "BTC-USD"}, {"trade_id": 849735113, "side": "sell", "size": "0.00001000", "price": "116965.49000000", "time": "2025-07-15T16:10:03.589948Z", "fetched_at": "2025-07-15T16:10:49.857075+00:00", "symbol": "BTC-USD"}, {"trade_id": 849735112, "side": "sell", "size": "0.06297265", "price": "116964.88000000", "time": "2025-07-15T16:10:03.589948Z", "fetched_at": "2025-07-15T16:10:49.857075+00:00", "symbol": "BTC-USD"}, {"trade_id": 849735111, "side": "sell", "size": "0.00030384", "price": "116963.53000000", "time": "2025-07-15T16:10:03.589948Z", "fetched_at": "2025-07-15T16:10:49.857075+00:00", "symbol": "BTC-USD"}, {"trade_id": 849735110, "side": "sell", "size": "0.00000641", "price": "116963.53000000", "time": "2025-07-15T16:10:03.589948Z", "fetched_at": "2025-07-15T16:10:49.857075+00:00", "symbol": "BTC-USD"}, {"trade_id": 849735109, "side": "sell", "size": "0.00003100", "price": "116963.53000000", "time": "2025-07-15T16:10:03.589948Z", "fetched_at": "2025-07-15T16:10:49.857075+00:00", "symbol": "BTC-USD"}, {"trade_id": 849735108, "side": "sell", "size": "0.00002656", "price": "116963.53000000", "time": "2025-07-15T16:10:03.589948Z", "fetched_at": "2025-07-15T16:10:49.857075+00:00", "symbol": "BTC-USD"}, {"trade_id": 849735107, "side": "sell", "size": "0.13230000", "price": "116958.44000000", "time": "2025-07-15T16:10:03.589948Z", "fetched_at": "2025-07-15T16:10:49.857075+00:00", "symbol": "BTC-USD"}, {"trade_id": 849735106, "side": "sell", "size": "0.10000000", "price": "116958.42000000", "time": "2025-07-15T16:10:03.589948Z", "fetched_at": "2025-07-15T16:10:49.857075+00:00", "symbol": "BTC-USD"}, {"trade_id": 849735105, "side": "sell", "size": "0.11679932", "price": "116958.41000000", "time": "2025-07-15T16:10:03.589948Z", "fetched_at": "2025-07-15T16:10:49.857075+00:00", "symbol": "BTC-USD"}, {"trade_id": 849735104, "side": "sell", "size": "0.00001278", "price": "116958.40000000", "time": "2025-07-15T16:10:03.589948Z", "fetched_at": "2025-07-15T16:10:49.857075+00:00", "symbol": "BTC-USD"}, {"trade_id": 849735103, "side": "sell", "size": "0.00264573", "price": "116948.87000000", "time": "2025-07-15T16:10:03.589948Z", "fetched_at": "2025-07-15T16:10:49.857075+00:00", "symbol": "BTC-USD"}, {"trade_id": 849735102, "side": "sell", "size": "0.00005067", "price": "116948.87000000", "time": "2025-07-15T16:10:03.567106Z", "fetched_at": "2025-07-15T16:10:49.857075+00:00", "symbol": "BTC-USD"}, {"trade_id": 849735101, "side": "sell", "size": "0.00855090", "price": "116946.73000000", "time": "2025-07-15T16:10:02.671253Z", "fetched_at": "2025-07-15T16:10:49.857075+00:00", "symbol": "BTC-USD"}, {"trade_id": 849735100, "side": "sell", "size": "0.00327320", "price": "116944.97000000", "time": "2025-07-15T16:10:02.671253Z", "fetched_at": "2025-07-15T16:10:49.857075+00:00", "symbol": "BTC-USD"}, {"trade_id": 849735099, "side": "sell", "size": "0.00001306", "price": "116944.97000000", "time": "2025-07-15T16:10:02.671253Z", "fetched_at": "2025-07-15T16:10:49.857075+00:00", "symbol": "BTC-USD"}, {"trade_id": 849735098, "side": "sell", "size": "0.00143000", "price": "116944.97000000", "time": "2025-07-15T16:10:02.368790Z", "fetched_at": "2025-07-15T16:10:49.857075+00:00", "symbol": "BTC-USD"}, {"trade_id": 849735097, "side": "sell", "size": "0.00334320", "price": "116944.97000000", "time": "2025-07-15T16:10:02.368790Z", "fetched_at": "2025-07-15T16:10:49.857075+00:00", "symbol": "BTC-USD"}, {"trade_id": 849735096, "side": "sell", "size": "0.06597590", "price": "116944.97000000", "time": "2025-07-15T16:10:02.368790Z", "fetched_at": "2025-07-15T16:10:49.857075+00:00", "symbol": "BTC-USD"}, {"trade_id": 849735095, "side": "sell", "size": "0.02263883", "price": "116944.97000000", "time": "2025-07-15T16:10:02.368241Z", "fetched_at": "2025-07-15T16:10:49.857075+00:00", "symbol": "BTC-USD"}, {"trade_id": 849735094, "side": "sell", "size": "0.01408793", "price": "116944.97000000", "time": "2025-07-15T16:10:02.368059Z", "fetched_at": "2025-07-15T16:10:49.857075+00:00", "symbol": "BTC-USD"}, {"trade_id": 849735093, "side": "sell", "size": "0.02959734", "price": "116944.97000000", "time": "2025-07-15T16:10:02.367793Z", "fetched_at": "2025-07-15T16:10:49.857075+00:00", "symbol": "BTC-USD"}, {"trade_id": 849735092, "side": "sell", "size": "0.00001269", "price": "116944.97000000", "time": "2025-07-15T16:10:02.367793Z", "fetched_at": "2025-07-15T16:10:49.857075+00:00", "symbol": "BTC-USD"}, {"trade_id": 849735091, "side": "sell", "size": "0.00390735", "price": "116946.71000000", "time": "2025-07-15T16:10:01.580427Z", "fetched_at": "2025-07-15T16:10:49.857075+00:00", "symbol": "BTC-USD"}, {"trade_id": 849735090, "side": "sell", "size": "0.00248080", "price": "116944.97000000", "time": "2025-07-15T16:10:01.580427Z", "fetched_at": "2025-07-15T16:10:49.857075+00:00", "symbol": "BTC-USD"}, {"trade_id": 849735089, "side": "sell", "size": "0.00361185", "price": "116944.97000000", "time": "2025-07-15T16:10:01.580427Z", "fetched_at": "2025-07-15T16:10:49.857075+00:00", "symbol": "BTC-USD"}, {"trade_id": 849735088, "side": "buy", "size": "0.00001000", "price": "116945.03000000", "time": "2025-07-15T16:10:01.244381Z", "fetched_at": "2025-07-15T16:10:49.857075+00:00", "symbol": "BTC-USD"}, {"trade_id": 849735087, "side": "buy", "size": "0.09607985", "price": "116945.03000000", "time": "2025-07-15T16:10:01.244343Z", "fetched_at": "2025-07-15T16:10:49.857075+00:00", "symbol": "BTC-USD"}, {"trade_id": 849735086, "side": "buy", "size": "0.02325935", "price": "116945.13000000", "time": "2025-07-15T16:10:01.244343Z", "fetched_at": "2025-07-15T16:10:49.857075+00:00", "symbol": "BTC-USD"}, {"trade_id": 849735085, "side": "buy", "size": "0.00001000", "price": "116947.95000000", "time": "2025-07-15T16:10:01.244343Z", "fetched_at": "2025-07-15T16:10:49.857075+00:00", "symbol": "BTC-USD"}, {"trade_id": 849735084, "side": "sell", "size": "0.02898844", "price": "116951.95000000", "time": "2025-07-15T16:10:01.002506Z", "fetched_at": "2025-07-15T16:10:49.857075+00:00", "symbol": "BTC-USD"}, {"trade_id": 849735083, "side": "sell", "size": "0.00029076", "price": "116952.02000000", "time": "2025-07-15T16:10:00.755832Z", "fetched_at": "2025-07-15T16:10:49.857075+00:00", "symbol": "BTC-USD"}, {"trade_id": 849735082, "side": "buy", "size": "0.10054210", "price": "116954.35000000", "time": "2025-07-15T16:10:00.724233Z", "fetched_at": "2025-07-15T16:10:49.857075+00:00", "symbol": "BTC-USD"}, {"trade_id": 849735081, "side": "buy", "size": "0.00001000", "price": "116956.72000000", "time": "2025-07-15T16:10:00.724233Z", "fetched_at": "2025-07-15T16:10:49.857075+00:00", "symbol": "BTC-USD"}, {"trade_id": 849735080, "side": "buy", "size": "0.06520156", "price": "116957.03000000", "time": "2025-07-15T16:10:00.724233Z", "fetched_at": "2025-07-15T16:10:49.857075+00:00", "symbol": "BTC-USD"}, {"trade_id": 849735079, "side": "buy", "size": "0.00042643", "price": "116957.17000000", "time": "2025-07-15T16:10:00.724233Z", "fetched_at": "2025-07-15T16:10:49.857075+00:00", "symbol": "BTC-USD"}, {"trade_id": 849735078, "side": "buy", "size": "0.04257931", "price": "116957.17000000", "time": "2025-07-15T16:10:00.724233Z", "fetched_at": "2025-07-15T16:10:49.857075+00:00", "symbol": "BTC-USD"}, {"trade_id": 849735077, "side": "buy", "size": "0.00361185", "price": "116962.26000000", "time": "2025-07-15T16:10:00.723020Z", "fetched_at": "2025-07-15T16:10:49.857075+00:00", "symbol": "BTC-USD"}, {"trade_id": 849735076, "side": "buy", "size": "0.00009572", "price": "116963.52000000", "time": "2025-07-15T16:10:00.723020Z", "fetched_at": "2025-07-15T16:10:49.857075+00:00", "symbol": "BTC-USD"}, {"trade_id": 849735075, "side": "buy", "size": "0.01679487", "price": "116963.52000000", "time": "2025-07-15T16:10:00.715423Z", "fetched_at": "2025-07-15T16:10:49.857075+00:00", "symbol": "BTC-USD"}, {"trade_id": 849735074, "side": "buy", "size": "0.00000513", "price": "116964.90000000", "time": "2025-07-15T16:10:00.715423Z", "fetched_at": "2025-07-15T16:10:49.857075+00:00", "symbol": "BTC-USD"}, {"trade_id": 849735073, "side": "buy", "size": "0.12010000", "price": "116964.90000000", "time": "2025-07-15T16:10:00.712378Z", "fetched_at": "2025-07-15T16:10:49.857075+00:00", "symbol": "BTC-USD"}, {"trade_id": 849735072, "side": "buy", "size": "0.00810000", "price": "116964.90000000", "time": "2025-07-15T16:10:00.710349Z", "fetched_at": "2025-07-15T16:10:49.857075+00:00", "symbol": "BTC-USD"}, {"trade_id": 849735071, "side": "buy", "size": "0.01880441", "price": "116965.49000000", "time": "2025-07-15T16:10:00.708497Z", "fetched_at": "2025-07-15T16:10:49.857075+00:00", "symbol": "BTC-USD"}, {"trade_id": 849735070, "side": "buy", "size": "0.00001000", "price": "116965.49000000", "time": "2025-07-15T16:10:00.708497Z", "fetched_at": "2025-07-15T16:10:49.857075+00:00", "symbol": "BTC-USD"}, {"trade_id": 849735069, "side": "sell", "size": "0.00041000", "price": "116965.50000000", "time": "2025-07-15T16:10:00.644222Z", "fetched_at": "2025-07-15T16:10:49.857075+00:00", "symbol": "BTC-USD"}, {"trade_id": 849735068, "side": "buy", "size": "0.01963370", "price": "116969.93000000", "time": "2025-07-15T16:10:00.587683Z", "fetched_at": "2025-07-15T16:10:49.857075+00:00", "symbol": "BTC-USD"}