[{"trade_id": 849741210, "side": "sell", "size": "0.00006374", "price": "116870.52000000", "time": "2025-07-15T16:23:23.126941Z", "fetched_at": "2025-07-15T16:23:25.257730+00:00", "symbol": "BTC-USD"}, {"trade_id": 849741209, "side": "sell", "size": "0.00000664", "price": "116870.52000000", "time": "2025-07-15T16:23:23.126941Z", "fetched_at": "2025-07-15T16:23:25.257730+00:00", "symbol": "BTC-USD"}, {"trade_id": 849741208, "side": "buy", "size": "0.00000613", "price": "116869.02000000", "time": "2025-07-15T16:23:22.460005Z", "fetched_at": "2025-07-15T16:23:25.257730+00:00", "symbol": "BTC-USD"}, {"trade_id": 849741207, "side": "buy", "size": "0.00000376", "price": "116877.79000000", "time": "2025-07-15T16:23:22.460005Z", "fetched_at": "2025-07-15T16:23:25.257730+00:00", "symbol": "BTC-USD"}, {"trade_id": 849741206, "side": "buy", "size": "0.00001000", "price": "116877.79000000", "time": "2025-07-15T16:23:22.460005Z", "fetched_at": "2025-07-15T16:23:25.257730+00:00", "symbol": "BTC-USD"}, {"trade_id": 849741205, "side": "sell", "size": "0.00216747", "price": "116877.80000000", "time": "2025-07-15T16:23:20.799613Z", "fetched_at": "2025-07-15T16:23:25.257730+00:00", "symbol": "BTC-USD"}, {"trade_id": 849741204, "side": "sell", "size": "0.00121829", "price": "116877.80000000", "time": "2025-07-15T16:23:20.799613Z", "fetched_at": "2025-07-15T16:23:25.257730+00:00", "symbol": "BTC-USD"}, {"trade_id": 849741203, "side": "sell", "size": "0.00021171", "price": "116877.80000000", "time": "2025-07-15T16:23:20.539731Z", "fetched_at": "2025-07-15T16:23:25.257730+00:00", "symbol": "BTC-USD"}, {"trade_id": 849741202, "side": "buy", "size": "0.00000119", "price": "116887.58000000", "time": "2025-07-15T16:23:20.407831Z", "fetched_at": "2025-07-15T16:23:25.257730+00:00", "symbol": "BTC-USD"}, {"trade_id": 849741201, "side": "buy", "size": "0.00000538", "price": "116887.58000000", "time": "2025-07-15T16:23:20.407831Z", "fetched_at": "2025-07-15T16:23:25.257730+00:00", "symbol": "BTC-USD"}, {"trade_id": 849741200, "side": "sell", "size": "0.00010661", "price": "116887.59000000", "time": "2025-07-15T16:23:20.095058Z", "fetched_at": "2025-07-15T16:23:25.257730+00:00", "symbol": "BTC-USD"}, {"trade_id": 849741199, "side": "sell", "size": "0.00005561", "price": "116887.59000000", "time": "2025-07-15T16:23:20.095058Z", "fetched_at": "2025-07-15T16:23:25.257730+00:00", "symbol": "BTC-USD"}, {"trade_id": 849741198, "side": "buy", "size": "0.00855504", "price": "116890.12000000", "time": "2025-07-15T16:23:19.648801Z", "fetched_at": "2025-07-15T16:23:25.257730+00:00", "symbol": "BTC-USD"}, {"trade_id": 849741197, "side": "buy", "size": "0.00068122", "price": "116891.87000000", "time": "2025-07-15T16:23:19.648801Z", "fetched_at": "2025-07-15T16:23:25.257730+00:00", "symbol": "BTC-USD"}, {"trade_id": 849741196, "side": "buy", "size": "0.00004944", "price": "116891.87000000", "time": "2025-07-15T16:23:19.648801Z", "fetched_at": "2025-07-15T16:23:25.257730+00:00", "symbol": "BTC-USD"}, {"trade_id": 849741195, "side": "buy", "size": "0.00009241", "price": "116891.87000000", "time": "2025-07-15T16:23:19.648801Z", "fetched_at": "2025-07-15T16:23:25.257730+00:00", "symbol": "BTC-USD"}, {"trade_id": 849741194, "side": "buy", "size": "0.00189759", "price": "116881.25000000", "time": "2025-07-15T16:23:18.616771Z", "fetched_at": "2025-07-15T16:23:25.257730+00:00", "symbol": "BTC-USD"}, {"trade_id": 849741193, "side": "buy", "size": "0.00001000", "price": "116886.56000000", "time": "2025-07-15T16:23:18.616771Z", "fetched_at": "2025-07-15T16:23:25.257730+00:00", "symbol": "BTC-USD"}, {"trade_id": 849741192, "side": "buy", "size": "0.00009241", "price": "116892.10000000", "time": "2025-07-15T16:23:18.616771Z", "fetched_at": "2025-07-15T16:23:25.257730+00:00", "symbol": "BTC-USD"}, {"trade_id": 849741191, "side": "sell", "size": "0.00055790", "price": "116892.11000000", "time": "2025-07-15T16:23:18.461925Z", "fetched_at": "2025-07-15T16:23:25.257730+00:00", "symbol": "BTC-USD"}, {"trade_id": 849741190, "side": "sell", "size": "0.00000228", "price": "116892.11000000", "time": "2025-07-15T16:23:18.441624Z", "fetched_at": "2025-07-15T16:23:25.257730+00:00", "symbol": "BTC-USD"}, {"trade_id": 849741189, "side": "sell", "size": "0.00004055", "price": "116892.11000000", "time": "2025-07-15T16:23:18.222824Z", "fetched_at": "2025-07-15T16:23:25.257730+00:00", "symbol": "BTC-USD"}, {"trade_id": 849741188, "side": "buy", "size": "0.00354399", "price": "116892.10000000", "time": "2025-07-15T16:23:18.020976Z", "fetched_at": "2025-07-15T16:23:25.257730+00:00", "symbol": "BTC-USD"}, {"trade_id": 849741187, "side": "buy", "size": "0.00068326", "price": "116893.85000000", "time": "2025-07-15T16:23:18.020976Z", "fetched_at": "2025-07-15T16:23:25.257730+00:00", "symbol": "BTC-USD"}, {"trade_id": 849741186, "side": "buy", "size": "0.00009240", "price": "116893.85000000", "time": "2025-07-15T16:23:18.020976Z", "fetched_at": "2025-07-15T16:23:25.257730+00:00", "symbol": "BTC-USD"}, {"trade_id": 849741185, "side": "sell", "size": "0.00117628", "price": "116893.86000000", "time": "2025-07-15T16:23:17.971306Z", "fetched_at": "2025-07-15T16:23:25.257730+00:00", "symbol": "BTC-USD"}, {"trade_id": 849741184, "side": "sell", "size": "0.00612591", "price": "116893.86000000", "time": "2025-07-15T16:23:17.325639Z", "fetched_at": "2025-07-15T16:23:25.257730+00:00", "symbol": "BTC-USD"}, {"trade_id": 849741183, "side": "sell", "size": "0.00287409", "price": "116893.86000000", "time": "2025-07-15T16:23:17.325639Z", "fetched_at": "2025-07-15T16:23:25.257730+00:00", "symbol": "BTC-USD"}, {"trade_id": 849741182, "side": "sell", "size": "0.00024791", "price": "116893.86000000", "time": "2025-07-15T16:23:16.837063Z", "fetched_at": "2025-07-15T16:23:25.257730+00:00", "symbol": "BTC-USD"}, {"trade_id": 849741181, "side": "sell", "size": "0.00016770", "price": "116893.86000000", "time": "2025-07-15T16:23:16.837063Z", "fetched_at": "2025-07-15T16:23:25.257730+00:00", "symbol": "BTC-USD"}, {"trade_id": 849741180, "side": "buy", "size": "0.00009240", "price": "116903.09000000", "time": "2025-07-15T16:23:15.838220Z", "fetched_at": "2025-07-15T16:23:25.257730+00:00", "symbol": "BTC-USD"}, {"trade_id": 849741179, "side": "buy", "size": "0.00002214", "price": "116905.89000000", "time": "2025-07-15T16:23:15.716163Z", "fetched_at": "2025-07-15T16:23:25.257730+00:00", "symbol": "BTC-USD"}, {"trade_id": 849741178, "side": "buy", "size": "0.00085448", "price": "116905.89000000", "time": "2025-07-15T16:23:15.716163Z", "fetched_at": "2025-07-15T16:23:25.257730+00:00", "symbol": "BTC-USD"}, {"trade_id": 849741177, "side": "buy", "size": "0.00769941", "price": "116905.89000000", "time": "2025-07-15T16:23:15.716094Z", "fetched_at": "2025-07-15T16:23:25.257730+00:00", "symbol": "BTC-USD"}, {"trade_id": 849741176, "side": "buy", "size": "0.00000555", "price": "116907.64000000", "time": "2025-07-15T16:23:15.716094Z", "fetched_at": "2025-07-15T16:23:25.257730+00:00", "symbol": "BTC-USD"}, {"trade_id": 849741175, "side": "buy", "size": "0.00000171", "price": "116907.64000000", "time": "2025-07-15T16:23:15.716094Z", "fetched_at": "2025-07-15T16:23:25.257730+00:00", "symbol": "BTC-USD"}, {"trade_id": 849741174, "side": "buy", "size": "0.00005996", "price": "116907.64000000", "time": "2025-07-15T16:23:15.716094Z", "fetched_at": "2025-07-15T16:23:25.257730+00:00", "symbol": "BTC-USD"}, {"trade_id": 849741173, "side": "buy", "size": "0.00081666", "price": "116907.64000000", "time": "2025-07-15T16:23:15.716094Z", "fetched_at": "2025-07-15T16:23:25.257730+00:00", "symbol": "BTC-USD"}, {"trade_id": 849741172, "side": "sell", "size": "0.00019457", "price": "116907.65000000", "time": "2025-07-15T16:23:15.461975Z", "fetched_at": "2025-07-15T16:23:25.257730+00:00", "symbol": "BTC-USD"}, {"trade_id": 849741171, "side": "sell", "size": "0.00157146", "price": "116907.65000000", "time": "2025-07-15T16:23:14.274473Z", "fetched_at": "2025-07-15T16:23:25.257730+00:00", "symbol": "BTC-USD"}, {"trade_id": 849741170, "side": "sell", "size": "0.00297360", "price": "116907.65000000", "time": "2025-07-15T16:23:14.274473Z", "fetched_at": "2025-07-15T16:23:25.257730+00:00", "symbol": "BTC-USD"}, {"trade_id": 849741169, "side": "sell", "size": "0.00307633", "price": "116907.65000000", "time": "2025-07-15T16:23:14.274473Z", "fetched_at": "2025-07-15T16:23:25.257730+00:00", "symbol": "BTC-USD"}, {"trade_id": 849741168, "side": "sell", "size": "0.00245000", "price": "116907.65000000", "time": "2025-07-15T16:23:14.101488Z", "fetched_at": "2025-07-15T16:23:25.257730+00:00", "symbol": "BTC-USD"}, {"trade_id": 849741167, "side": "buy", "size": "0.00000125", "price": "116907.64000000", "time": "2025-07-15T16:23:13.893818Z", "fetched_at": "2025-07-15T16:23:25.257730+00:00", "symbol": "BTC-USD"}, {"trade_id": 849741166, "side": "buy", "size": "0.00000641", "price": "116907.64000000", "time": "2025-07-15T16:23:13.893818Z", "fetched_at": "2025-07-15T16:23:25.257730+00:00", "symbol": "BTC-USD"}, {"trade_id": 849741165, "side": "sell", "size": "0.00043000", "price": "116907.65000000", "time": "2025-07-15T16:23:13.123381Z", "fetched_at": "2025-07-15T16:23:25.257730+00:00", "symbol": "BTC-USD"}, {"trade_id": 849741164, "side": "sell", "size": "0.00281071", "price": "116907.65000000", "time": "2025-07-15T16:23:12.631509Z", "fetched_at": "2025-07-15T16:23:25.257730+00:00", "symbol": "BTC-USD"}, {"trade_id": 849741163, "side": "sell", "size": "0.00069000", "price": "116907.65000000", "time": "2025-07-15T16:23:12.631509Z", "fetched_at": "2025-07-15T16:23:25.257730+00:00", "symbol": "BTC-USD"}, {"trade_id": 849741162, "side": "sell", "size": "0.00000791", "price": "116907.65000000", "time": "2025-07-15T16:23:12.631509Z", "fetched_at": "2025-07-15T16:23:25.257730+00:00", "symbol": "BTC-USD"}, {"trade_id": 849741161, "side": "sell", "size": "0.00272440", "price": "116907.65000000", "time": "2025-07-15T16:23:12.631509Z", "fetched_at": "2025-07-15T16:23:25.257730+00:00", "symbol": "BTC-USD"}, {"trade_id": 849741160, "side": "buy", "size": "0.00000008", "price": "116907.64000000", "time": "2025-07-15T16:23:12.285806Z", "fetched_at": "2025-07-15T16:23:25.257730+00:00", "symbol": "BTC-USD"}, {"trade_id": 849741159, "side": "sell", "size": "0.00000453", "price": "116907.66000000", "time": "2025-07-15T16:23:11.242855Z", "fetched_at": "2025-07-15T16:23:25.257730+00:00", "symbol": "BTC-USD"}, {"trade_id": 849741158, "side": "sell", "size": "0.00001033", "price": "116907.66000000", "time": "2025-07-15T16:23:11.242855Z", "fetched_at": "2025-07-15T16:23:25.257730+00:00", "symbol": "BTC-USD"}, {"trade_id": 849741157, "side": "sell", "size": "0.00000664", "price": "116907.66000000", "time": "2025-07-15T16:23:11.242855Z", "fetched_at": "2025-07-15T16:23:25.257730+00:00", "symbol": "BTC-USD"}, {"trade_id": 849741156, "side": "sell", "size": "0.00176850", "price": "116907.66000000", "time": "2025-07-15T16:23:11.242855Z", "fetched_at": "2025-07-15T16:23:25.257730+00:00", "symbol": "BTC-USD"}, {"trade_id": 849741155, "side": "sell", "size": "0.00054011", "price": "116907.66000000", "time": "2025-07-15T16:23:11.239186Z", "fetched_at": "2025-07-15T16:23:25.257730+00:00", "symbol": "BTC-USD"}, {"trade_id": 849741154, "side": "buy", "size": "0.00094409", "price": "116897.46000000", "time": "2025-07-15T16:23:10.889373Z", "fetched_at": "2025-07-15T16:23:25.257730+00:00", "symbol": "BTC-USD"}, {"trade_id": 849741153, "side": "buy", "size": "0.00009239", "price": "116907.65000000", "time": "2025-07-15T16:23:10.889373Z", "fetched_at": "2025-07-15T16:23:25.257730+00:00", "symbol": "BTC-USD"}, {"trade_id": 849741152, "side": "sell", "size": "0.00023659", "price": "116907.66000000", "time": "2025-07-15T16:23:10.821024Z", "fetched_at": "2025-07-15T16:23:25.257730+00:00", "symbol": "BTC-USD"}, {"trade_id": 849741151, "side": "buy", "size": "0.00045168", "price": "116897.36000000", "time": "2025-07-15T16:23:10.745016Z", "fetched_at": "2025-07-15T16:23:25.257730+00:00", "symbol": "BTC-USD"}, {"trade_id": 849741150, "side": "buy", "size": "0.00009239", "price": "116907.65000000", "time": "2025-07-15T16:23:10.745016Z", "fetched_at": "2025-07-15T16:23:25.257730+00:00", "symbol": "BTC-USD"}, {"trade_id": 849741149, "side": "buy", "size": "0.00047761", "price": "116904.12000000", "time": "2025-07-15T16:23:10.636362Z", "fetched_at": "2025-07-15T16:23:25.257730+00:00", "symbol": "BTC-USD"}, {"trade_id": 849741148, "side": "buy", "size": "0.00009239", "price": "116907.65000000", "time": "2025-07-15T16:23:10.636362Z", "fetched_at": "2025-07-15T16:23:25.257730+00:00", "symbol": "BTC-USD"}, {"trade_id": 849741147, "side": "buy", "size": "0.00143000", "price": "116907.65000000", "time": "2025-07-15T16:23:10.636362Z", "fetched_at": "2025-07-15T16:23:25.257730+00:00", "symbol": "BTC-USD"}, {"trade_id": 849741146, "side": "buy", "size": "0.00526020", "price": "116895.57000000", "time": "2025-07-15T16:23:10.406159Z", "fetched_at": "2025-07-15T16:23:25.257730+00:00", "symbol": "BTC-USD"}, {"trade_id": 849741145, "side": "buy", "size": "0.00164873", "price": "116901.65000000", "time": "2025-07-15T16:23:10.406159Z", "fetched_at": "2025-07-15T16:23:25.257730+00:00", "symbol": "BTC-USD"}, {"trade_id": 849741144, "side": "sell", "size": "0.40294198", "price": "116900.00000000", "time": "2025-07-15T16:23:10.254166Z", "fetched_at": "2025-07-15T16:23:25.257730+00:00", "symbol": "BTC-USD"}, {"trade_id": 849741143, "side": "sell", "size": "0.00014732", "price": "116899.98000000", "time": "2025-07-15T16:23:10.254166Z", "fetched_at": "2025-07-15T16:23:25.257730+00:00", "symbol": "BTC-USD"}, {"trade_id": 849741142, "side": "sell", "size": "0.40000000", "price": "116898.00000000", "time": "2025-07-15T16:23:10.254166Z", "fetched_at": "2025-07-15T16:23:25.257730+00:00", "symbol": "BTC-USD"}, {"trade_id": 849741141, "side": "sell", "size": "0.02784877", "price": "116897.99000000", "time": "2025-07-15T16:23:10.254166Z", "fetched_at": "2025-07-15T16:23:25.257730+00:00", "symbol": "BTC-USD"}, {"trade_id": 849741140, "side": "sell", "size": "0.01919819", "price": "116897.52000000", "time": "2025-07-15T16:23:10.254166Z", "fetched_at": "2025-07-15T16:23:25.257730+00:00", "symbol": "BTC-USD"}, {"trade_id": 849741139, "side": "sell", "size": "0.00259000", "price": "116897.52000000", "time": "2025-07-15T16:23:10.254166Z", "fetched_at": "2025-07-15T16:23:25.257730+00:00", "symbol": "BTC-USD"}, {"trade_id": 849741138, "side": "sell", "size": "0.00007447", "price": "116895.99000000", "time": "2025-07-15T16:23:10.120518Z", "fetched_at": "2025-07-15T16:23:25.257730+00:00", "symbol": "BTC-USD"}, {"trade_id": 849741137, "side": "sell", "size": "0.00001033", "price": "116895.78000000", "time": "2025-07-15T16:23:10.120518Z", "fetched_at": "2025-07-15T16:23:25.257730+00:00", "symbol": "BTC-USD"}, {"trade_id": 849741136, "side": "sell", "size": "0.00006937", "price": "116895.78000000", "time": "2025-07-15T16:23:10.120518Z", "fetched_at": "2025-07-15T16:23:25.257730+00:00", "symbol": "BTC-USD"}, {"trade_id": 849741135, "side": "sell", "size": "0.00288520", "price": "116895.77000000", "time": "2025-07-15T16:23:10.120518Z", "fetched_at": "2025-07-15T16:23:25.257730+00:00", "symbol": "BTC-USD"}, {"trade_id": 849741134, "side": "sell", "size": "0.00043000", "price": "116895.77000000", "time": "2025-07-15T16:23:09.941680Z", "fetched_at": "2025-07-15T16:23:25.257730+00:00", "symbol": "BTC-USD"}, {"trade_id": 849741133, "side": "sell", "size": "0.34802517", "price": "116895.00000000", "time": "2025-07-15T16:23:09.828821Z", "fetched_at": "2025-07-15T16:23:25.257730+00:00", "symbol": "BTC-USD"}, {"trade_id": 849741132, "side": "sell", "size": "0.00855471", "price": "116894.61000000", "time": "2025-07-15T16:23:09.828821Z", "fetched_at": "2025-07-15T16:23:25.257730+00:00", "symbol": "BTC-USD"}, {"trade_id": 849741131, "side": "sell", "size": "0.40000000", "price": "116893.00000000", "time": "2025-07-15T16:23:09.828821Z", "fetched_at": "2025-07-15T16:23:25.257730+00:00", "symbol": "BTC-USD"}, {"trade_id": 849741130, "side": "sell", "size": "0.13230000", "price": "116892.99000000", "time": "2025-07-15T16:23:09.828821Z", "fetched_at": "2025-07-15T16:23:25.257730+00:00", "symbol": "BTC-USD"}, {"trade_id": 849741129, "side": "sell", "size": "0.00332080", "price": "116892.99000000", "time": "2025-07-15T16:23:09.828821Z", "fetched_at": "2025-07-15T16:23:25.257730+00:00", "symbol": "BTC-USD"}, {"trade_id": 849741128, "side": "sell", "size": "0.10779932", "price": "116892.99000000", "time": "2025-07-15T16:23:09.828821Z", "fetched_at": "2025-07-15T16:23:25.257730+00:00", "symbol": "BTC-USD"}, {"trade_id": 849741127, "side": "sell", "size": "0.00900000", "price": "116892.99000000", "time": "2025-07-15T16:23:09.615691Z", "fetched_at": "2025-07-15T16:23:25.257730+00:00", "symbol": "BTC-USD"}, {"trade_id": 849741126, "side": "sell", "size": "0.00136004", "price": "116892.85000000", "time": "2025-07-15T16:23:08.811471Z", "fetched_at": "2025-07-15T16:23:25.257730+00:00", "symbol": "BTC-USD"}, {"trade_id": 849741125, "side": "sell", "size": "0.00279440", "price": "116892.85000000", "time": "2025-07-15T16:23:08.811471Z", "fetched_at": "2025-07-15T16:23:25.257730+00:00", "symbol": "BTC-USD"}, {"trade_id": 849741124, "side": "sell", "size": "0.00326078", "price": "116892.85000000", "time": "2025-07-15T16:23:08.719931Z", "fetched_at": "2025-07-15T16:23:25.257730+00:00", "symbol": "BTC-USD"}, {"trade_id": 849741123, "side": "sell", "size": "0.00322840", "price": "116892.85000000", "time": "2025-07-15T16:23:08.719931Z", "fetched_at": "2025-07-15T16:23:25.257730+00:00", "symbol": "BTC-USD"}, {"trade_id": 849741122, "side": "sell", "size": "0.00010000", "price": "116892.86000000", "time": "2025-07-15T16:23:08.272869Z", "fetched_at": "2025-07-15T16:23:25.257730+00:00", "symbol": "BTC-USD"}, {"trade_id": 849741121, "side": "buy", "size": "0.00855448", "price": "116897.78000000", "time": "2025-07-15T16:23:08.209586Z", "fetched_at": "2025-07-15T16:23:25.257730+00:00", "symbol": "BTC-USD"}, {"trade_id": 849741120, "side": "buy", "size": "0.00532826", "price": "116899.02000000", "time": "2025-07-15T16:23:08.209586Z", "fetched_at": "2025-07-15T16:23:25.257730+00:00", "symbol": "BTC-USD"}, {"trade_id": 849741119, "side": "buy", "size": "0.00009240", "price": "116899.97000000", "time": "2025-07-15T16:23:08.209586Z", "fetched_at": "2025-07-15T16:23:25.257730+00:00", "symbol": "BTC-USD"}, {"trade_id": 849741118, "side": "buy", "size": "0.01927306", "price": "116894.19000000", "time": "2025-07-15T16:23:08.046481Z", "fetched_at": "2025-07-15T16:23:25.257730+00:00", "symbol": "BTC-USD"}, {"trade_id": 849741117, "side": "buy", "size": "0.02400000", "price": "116894.19000000", "time": "2025-07-15T16:23:08.046481Z", "fetched_at": "2025-07-15T16:23:25.257730+00:00", "symbol": "BTC-USD"}, {"trade_id": 849741116, "side": "buy", "size": "0.00855452", "price": "116897.27000000", "time": "2025-07-15T16:23:08.046481Z", "fetched_at": "2025-07-15T16:23:25.257730+00:00", "symbol": "BTC-USD"}, {"trade_id": 849741115, "side": "buy", "size": "0.00000059", "price": "116899.02000000", "time": "2025-07-15T16:23:08.046481Z", "fetched_at": "2025-07-15T16:23:25.257730+00:00", "symbol": "BTC-USD"}, {"trade_id": 849741114, "side": "buy", "size": "0.00003892", "price": "116899.02000000", "time": "2025-07-15T16:23:08.046481Z", "fetched_at": "2025-07-15T16:23:25.257730+00:00", "symbol": "BTC-USD"}, {"trade_id": 849741113, "side": "buy", "size": "0.00000128", "price": "116899.02000000", "time": "2025-07-15T16:23:08.046481Z", "fetched_at": "2025-07-15T16:23:25.257730+00:00", "symbol": "BTC-USD"}, {"trade_id": 849741112, "side": "buy", "size": "0.00009240", "price": "116899.02000000", "time": "2025-07-15T16:23:08.046481Z", "fetched_at": "2025-07-15T16:23:25.257730+00:00", "symbol": "BTC-USD"}, {"trade_id": 849741111, "side": "buy", "size": "0.00243443", "price": "116899.02000000", "time": "2025-07-15T16:23:08.046481Z", "fetched_at": "2025-07-15T16:23:25.257730+00:00", "symbol": "BTC-USD"}, {"trade_id": 849741110, "side": "sell", "size": "0.00730841", "price": "116899.03000000", "time": "2025-07-15T16:23:08.043884Z", "fetched_at": "2025-07-15T16:23:25.257730+00:00", "symbol": "BTC-USD"}, {"trade_id": 849741109, "side": "sell", "size": "0.00001759", "price": "116899.03000000", "time": "2025-07-15T16:23:08.043884Z", "fetched_at": "2025-07-15T16:23:25.257730+00:00", "symbol": "BTC-USD"}, {"trade_id": 849741108, "side": "sell", "size": "0.00267400", "price": "116899.03000000", "time": "2025-07-15T16:23:08.043884Z", "fetched_at": "2025-07-15T16:23:25.257730+00:00", "symbol": "BTC-USD"}, {"trade_id": 849741107, "side": "buy", "size": "0.00028330", "price": "116899.02000000", "time": "2025-07-15T16:23:07.626756Z", "fetched_at": "2025-07-15T16:23:25.257730+00:00", "symbol": "BTC-USD"}, {"trade_id": 849741106, "side": "buy", "size": "0.00000128", "price": "116899.02000000", "time": "2025-07-15T16:23:07.626756Z", "fetched_at": "2025-07-15T16:23:25.257730+00:00", "symbol": "BTC-USD"}, {"trade_id": 849741105, "side": "buy", "size": "0.00000350", "price": "116899.02000000", "time": "2025-07-15T16:23:07.626756Z", "fetched_at": "2025-07-15T16:23:25.257730+00:00", "symbol": "BTC-USD"}, {"trade_id": 849741104, "side": "buy", "size": "0.00004952", "price": "116899.02000000", "time": "2025-07-15T16:23:07.626756Z", "fetched_at": "2025-07-15T16:23:25.257730+00:00", "symbol": "BTC-USD"}, {"trade_id": 849741103, "side": "buy", "size": "0.00009240", "price": "116899.02000000", "time": "2025-07-15T16:23:07.626756Z", "fetched_at": "2025-07-15T16:23:25.257730+00:00", "symbol": "BTC-USD"}, {"trade_id": 849741102, "side": "sell", "size": "0.00244256", "price": "116912.20000000", "time": "2025-07-15T16:23:06.420804Z", "fetched_at": "2025-07-15T16:23:25.257730+00:00", "symbol": "BTC-USD"}, {"trade_id": 849741101, "side": "sell", "size": "0.00018396", "price": "116909.59000000", "time": "2025-07-15T16:23:06.420804Z", "fetched_at": "2025-07-15T16:23:25.257730+00:00", "symbol": "BTC-USD"}, {"trade_id": 849741100, "side": "sell", "size": "0.00007348", "price": "116907.80000000", "time": "2025-07-15T16:23:06.420804Z", "fetched_at": "2025-07-15T16:23:25.257730+00:00", "symbol": "BTC-USD"}, {"trade_id": 849741099, "side": "buy", "size": "0.01937901", "price": "116908.92000000", "time": "2025-07-15T16:23:06.403879Z", "fetched_at": "2025-07-15T16:23:25.257730+00:00", "symbol": "BTC-USD"}, {"trade_id": 849741098, "side": "buy", "size": "0.00009239", "price": "116912.20000000", "time": "2025-07-15T16:23:06.403879Z", "fetched_at": "2025-07-15T16:23:25.257730+00:00", "symbol": "BTC-USD"}, {"trade_id": 849741097, "side": "buy", "size": "0.01864465", "price": "116910.02000000", "time": "2025-07-15T16:23:06.372089Z", "fetched_at": "2025-07-15T16:23:25.257730+00:00", "symbol": "BTC-USD"}, {"trade_id": 849741096, "side": "buy", "size": "0.02183983", "price": "116915.57000000", "time": "2025-07-15T16:23:06.372089Z", "fetched_at": "2025-07-15T16:23:25.257730+00:00", "symbol": "BTC-USD"}, {"trade_id": 849741095, "side": "buy", "size": "0.00855296", "price": "116918.62000000", "time": "2025-07-15T16:23:06.372089Z", "fetched_at": "2025-07-15T16:23:25.257730+00:00", "symbol": "BTC-USD"}, {"trade_id": 849741094, "side": "buy", "size": "0.00009238", "price": "116918.63000000", "time": "2025-07-15T16:23:06.372089Z", "fetched_at": "2025-07-15T16:23:25.257730+00:00", "symbol": "BTC-USD"}, {"trade_id": 849741093, "side": "buy", "size": "0.00051689", "price": "116920.36000000", "time": "2025-07-15T16:23:06.372089Z", "fetched_at": "2025-07-15T16:23:25.257730+00:00", "symbol": "BTC-USD"}, {"trade_id": 849741092, "side": "buy", "size": "0.00336027", "price": "116920.36000000", "time": "2025-07-15T16:23:06.311501Z", "fetched_at": "2025-07-15T16:23:25.257730+00:00", "symbol": "BTC-USD"}, {"trade_id": 849741091, "side": "buy", "size": "0.00004943", "price": "116920.37000000", "time": "2025-07-15T16:23:06.311501Z", "fetched_at": "2025-07-15T16:23:25.257730+00:00", "symbol": "BTC-USD"}, {"trade_id": 849741090, "side": "buy", "size": "0.00000119", "price": "116920.37000000", "time": "2025-07-15T16:23:06.311501Z", "fetched_at": "2025-07-15T16:23:25.257730+00:00", "symbol": "BTC-USD"}, {"trade_id": 849741089, "side": "buy", "size": "0.00000709", "price": "116920.37000000", "time": "2025-07-15T16:23:06.311501Z", "fetched_at": "2025-07-15T16:23:25.257730+00:00", "symbol": "BTC-USD"}, {"trade_id": 849741088, "side": "sell", "size": "0.00009335", "price": "116920.38000000", "time": "2025-07-15T16:23:06.123243Z", "fetched_at": "2025-07-15T16:23:25.257730+00:00", "symbol": "BTC-USD"}, {"trade_id": 849741087, "side": "sell", "size": "0.00095000", "price": "116920.38000000", "time": "2025-07-15T16:23:06.123243Z", "fetched_at": "2025-07-15T16:23:25.257730+00:00", "symbol": "BTC-USD"}, {"trade_id": 849741086, "side": "buy", "size": "0.00007772", "price": "116920.38000000", "time": "2025-07-15T16:23:05.917170Z", "fetched_at": "2025-07-15T16:23:25.257730+00:00", "symbol": "BTC-USD"}, {"trade_id": 849741085, "side": "sell", "size": "0.00030804", "price": "116920.39000000", "time": "2025-07-15T16:23:05.677700Z", "fetched_at": "2025-07-15T16:23:25.257730+00:00", "symbol": "BTC-USD"}, {"trade_id": 849741084, "side": "sell", "size": "0.00241640", "price": "116920.39000000", "time": "2025-07-15T16:23:05.677700Z", "fetched_at": "2025-07-15T16:23:25.257730+00:00", "symbol": "BTC-USD"}, {"trade_id": 849741083, "side": "sell", "size": "0.00143000", "price": "116920.39000000", "time": "2025-07-15T16:23:05.677700Z", "fetched_at": "2025-07-15T16:23:25.257730+00:00", "symbol": "BTC-USD"}, {"trade_id": 849741082, "side": "sell", "size": "0.01296826", "price": "116928.46000000", "time": "2025-07-15T16:23:05.550664Z", "fetched_at": "2025-07-15T16:23:25.257730+00:00", "symbol": "BTC-USD"}, {"trade_id": 849741081, "side": "sell", "size": "0.00000664", "price": "116928.46000000", "time": "2025-07-15T16:23:05.550664Z", "fetched_at": "2025-07-15T16:23:25.257730+00:00", "symbol": "BTC-USD"}, {"trade_id": 849741080, "side": "sell", "size": "0.00324800", "price": "116928.46000000", "time": "2025-07-15T16:23:05.550664Z", "fetched_at": "2025-07-15T16:23:25.257730+00:00", "symbol": "BTC-USD"}, {"trade_id": 849741079, "side": "buy", "size": "0.00012828", "price": "116931.87000000", "time": "2025-07-15T16:23:04.140714Z", "fetched_at": "2025-07-15T16:23:25.257730+00:00", "symbol": "BTC-USD"}, {"trade_id": 849741078, "side": "buy", "size": "0.00040786", "price": "116931.87000000", "time": "2025-07-15T16:23:03.951857Z", "fetched_at": "2025-07-15T16:23:25.257730+00:00", "symbol": "BTC-USD"}, {"trade_id": 849741077, "side": "buy", "size": "0.00200000", "price": "116922.74000000", "time": "2025-07-15T16:23:03.545219Z", "fetched_at": "2025-07-15T16:23:25.257730+00:00", "symbol": "BTC-USD"}, {"trade_id": 849741076, "side": "buy", "size": "0.00000873", "price": "116922.15000000", "time": "2025-07-15T16:23:03.430157Z", "fetched_at": "2025-07-15T16:23:25.257730+00:00", "symbol": "BTC-USD"}, {"trade_id": 849741075, "side": "buy", "size": "0.00003177", "price": "116920.40000000", "time": "2025-07-15T16:23:03.283283Z", "fetched_at": "2025-07-15T16:23:25.257730+00:00", "symbol": "BTC-USD"}, {"trade_id": 849741074, "side": "sell", "size": "0.00004486", "price": "116931.58000000", "time": "2025-07-15T16:23:03.168558Z", "fetched_at": "2025-07-15T16:23:25.257730+00:00", "symbol": "BTC-USD"}, {"trade_id": 849741073, "side": "sell", "size": "0.00083089", "price": "116931.61000000", "time": "2025-07-15T16:23:02.989713Z", "fetched_at": "2025-07-15T16:23:25.257730+00:00", "symbol": "BTC-USD"}, {"trade_id": 849741072, "side": "sell", "size": "0.00241492", "price": "116931.65000000", "time": "2025-07-15T16:23:02.827947Z", "fetched_at": "2025-07-15T16:23:25.257730+00:00", "symbol": "BTC-USD"}, {"trade_id": 849741071, "side": "sell", "size": "0.03500000", "price": "116931.65000000", "time": "2025-07-15T16:23:02.827947Z", "fetched_at": "2025-07-15T16:23:25.257730+00:00", "symbol": "BTC-USD"}, {"trade_id": 849741070, "side": "sell", "size": "0.00017451", "price": "116931.96000000", "time": "2025-07-15T16:23:02.122598Z", "fetched_at": "2025-07-15T16:23:25.257730+00:00", "symbol": "BTC-USD"}, {"trade_id": 849741069, "side": "buy", "size": "0.01822708", "price": "116944.68000000", "time": "2025-07-15T16:23:01.760383Z", "fetched_at": "2025-07-15T16:23:25.257730+00:00", "symbol": "BTC-USD"}, {"trade_id": 849741068, "side": "buy", "size": "0.00000769", "price": "116945.99000000", "time": "2025-07-15T16:23:01.760383Z", "fetched_at": "2025-07-15T16:23:25.257730+00:00", "symbol": "BTC-USD"}, {"trade_id": 849741067, "side": "buy", "size": "0.00012339", "price": "116945.99000000", "time": "2025-07-15T16:23:01.760383Z", "fetched_at": "2025-07-15T16:23:25.257730+00:00", "symbol": "BTC-USD"}, {"trade_id": 849741066, "side": "buy", "size": "0.00000376", "price": "116945.99000000", "time": "2025-07-15T16:23:01.760383Z", "fetched_at": "2025-07-15T16:23:25.257730+00:00", "symbol": "BTC-USD"}, {"trade_id": 849741065, "side": "buy", "size": "0.00413488", "price": "116945.99000000", "time": "2025-07-15T16:23:01.760383Z", "fetched_at": "2025-07-15T16:23:25.257730+00:00", "symbol": "BTC-USD"}, {"trade_id": 849741064, "side": "sell", "size": "0.00041000", "price": "116946.34000000", "time": "2025-07-15T16:23:01.650621Z", "fetched_at": "2025-07-15T16:23:25.257730+00:00", "symbol": "BTC-USD"}, {"trade_id": 849741063, "side": "buy", "size": "0.01225394", "price": "116946.33000000", "time": "2025-07-15T16:23:01.645729Z", "fetched_at": "2025-07-15T16:23:25.257730+00:00", "symbol": "BTC-USD"}, {"trade_id": 849741062, "side": "buy", "size": "0.00009236", "price": "116946.34000000", "time": "2025-07-15T16:23:01.645729Z", "fetched_at": "2025-07-15T16:23:25.257730+00:00", "symbol": "BTC-USD"}, {"trade_id": 849741061, "side": "buy", "size": "0.00855067", "price": "116949.86000000", "time": "2025-07-15T16:23:01.645729Z", "fetched_at": "2025-07-15T16:23:25.257730+00:00", "symbol": "BTC-USD"}, {"trade_id": 849741060, "side": "buy", "size": "0.00070260", "price": "116951.61000000", "time": "2025-07-15T16:23:01.645729Z", "fetched_at": "2025-07-15T16:23:25.257730+00:00", "symbol": "BTC-USD"}, {"trade_id": 849741059, "side": "sell", "size": "0.00265936", "price": "116951.62000000", "time": "2025-07-15T16:23:01.530001Z", "fetched_at": "2025-07-15T16:23:25.257730+00:00", "symbol": "BTC-USD"}, {"trade_id": 849741058, "side": "buy", "size": "0.00009235", "price": "116958.78000000", "time": "2025-07-15T16:23:01.445004Z", "fetched_at": "2025-07-15T16:23:25.257730+00:00", "symbol": "BTC-USD"}, {"trade_id": 849741057, "side": "buy", "size": "0.01116795", "price": "116957.22000000", "time": "2025-07-15T16:23:01.431355Z", "fetched_at": "2025-07-15T16:23:25.257730+00:00", "symbol": "BTC-USD"}, {"trade_id": 849741056, "side": "buy", "size": "0.05111000", "price": "116957.22000000", "time": "2025-07-15T16:23:01.431328Z", "fetched_at": "2025-07-15T16:23:25.257730+00:00", "symbol": "BTC-USD"}, {"trade_id": 849741055, "side": "buy", "size": "0.03792447", "price": "116957.22000000", "time": "2025-07-15T16:23:01.431318Z", "fetched_at": "2025-07-15T16:23:25.257730+00:00", "symbol": "BTC-USD"}, {"trade_id": 849741054, "side": "buy", "size": "0.07077399", "price": "116957.22000000", "time": "2025-07-15T16:23:01.424308Z", "fetched_at": "2025-07-15T16:23:25.257730+00:00", "symbol": "BTC-USD"}, {"trade_id": 849741053, "side": "buy", "size": "0.04237711", "price": "116958.59000000", "time": "2025-07-15T16:23:01.424308Z", "fetched_at": "2025-07-15T16:23:25.257730+00:00", "symbol": "BTC-USD"}, {"trade_id": 849741052, "side": "buy", "size": "0.00132363", "price": "116958.62000000", "time": "2025-07-15T16:23:01.424308Z", "fetched_at": "2025-07-15T16:23:25.257730+00:00", "symbol": "BTC-USD"}, {"trade_id": 849741051, "side": "buy", "size": "0.05000000", "price": "116958.69000000", "time": "2025-07-15T16:23:01.424308Z", "fetched_at": "2025-07-15T16:23:25.257730+00:00", "symbol": "BTC-USD"}, {"trade_id": 849741050, "side": "buy", "size": "0.05000000", "price": "116958.70000000", "time": "2025-07-15T16:23:01.424308Z", "fetched_at": "2025-07-15T16:23:25.257730+00:00", "symbol": "BTC-USD"}, {"trade_id": 849741049, "side": "buy", "size": "0.04237711", "price": "116958.76000000", "time": "2025-07-15T16:23:01.424308Z", "fetched_at": "2025-07-15T16:23:25.257730+00:00", "symbol": "BTC-USD"}, {"trade_id": 849741048, "side": "buy", "size": "0.11532056", "price": "116958.77000000", "time": "2025-07-15T16:23:01.424308Z", "fetched_at": "2025-07-15T16:23:25.257730+00:00", "symbol": "BTC-USD"}, {"trade_id": 849741047, "side": "buy", "size": "0.00009235", "price": "116958.78000000", "time": "2025-07-15T16:23:01.424308Z", "fetched_at": "2025-07-15T16:23:25.257730+00:00", "symbol": "BTC-USD"}, {"trade_id": 849741046, "side": "sell", "size": "0.00854997", "price": "116959.46000000", "time": "2025-07-15T16:23:00.634153Z", "fetched_at": "2025-07-15T16:23:25.257730+00:00", "symbol": "BTC-USD"}, {"trade_id": 849741045, "side": "sell", "size": "0.00020255", "price": "116957.22000000", "time": "2025-07-15T16:23:00.634153Z", "fetched_at": "2025-07-15T16:23:25.257730+00:00", "symbol": "BTC-USD"}, {"trade_id": 849741044, "side": "sell", "size": "0.00001034", "price": "116957.22000000", "time": "2025-07-15T16:23:00.634153Z", "fetched_at": "2025-07-15T16:23:25.257730+00:00", "symbol": "BTC-USD"}, {"trade_id": 849741043, "side": "sell", "size": "0.00006938", "price": "116957.22000000", "time": "2025-07-15T16:23:00.634153Z", "fetched_at": "2025-07-15T16:23:25.257730+00:00", "symbol": "BTC-USD"}, {"trade_id": 849741042, "side": "sell", "size": "0.00000664", "price": "116957.16000000", "time": "2025-07-15T16:23:00.634153Z", "fetched_at": "2025-07-15T16:23:25.257730+00:00", "symbol": "BTC-USD"}, {"trade_id": 849741041, "side": "buy", "size": "0.00000008", "price": "116951.61000000", "time": "2025-07-15T16:23:00.310418Z", "fetched_at": "2025-07-15T16:23:25.257730+00:00", "symbol": "BTC-USD"}, {"trade_id": 849741040, "side": "buy", "size": "0.00000765", "price": "116951.61000000", "time": "2025-07-15T16:23:00.176939Z", "fetched_at": "2025-07-15T16:23:25.257730+00:00", "symbol": "BTC-USD"}, {"trade_id": 849741039, "side": "sell", "size": "0.00243347", "price": "116957.19000000", "time": "2025-07-15T16:22:59.852538Z", "fetched_at": "2025-07-15T16:23:25.257730+00:00", "symbol": "BTC-USD"}, {"trade_id": 849741038, "side": "sell", "size": "0.00000671", "price": "116957.19000000", "time": "2025-07-15T16:22:59.609569Z", "fetched_at": "2025-07-15T16:23:25.257730+00:00", "symbol": "BTC-USD"}, {"trade_id": 849741037, "side": "buy", "size": "0.00160036", "price": "116951.61000000", "time": "2025-07-15T16:22:59.541178Z", "fetched_at": "2025-07-15T16:23:25.257730+00:00", "symbol": "BTC-USD"}, {"trade_id": 849741036, "side": "buy", "size": "0.00012742", "price": "116951.61000000", "time": "2025-07-15T16:22:59.541178Z", "fetched_at": "2025-07-15T16:23:25.257730+00:00", "symbol": "BTC-USD"}, {"trade_id": 849741035, "side": "sell", "size": "0.00048703", "price": "116957.19000000", "time": "2025-07-15T16:22:59.432815Z", "fetched_at": "2025-07-15T16:23:25.257730+00:00", "symbol": "BTC-USD"}, {"trade_id": 849741034, "side": "sell", "size": "0.00041578", "price": "116957.19000000", "time": "2025-07-15T16:22:58.682280Z", "fetched_at": "2025-07-15T16:23:25.257730+00:00", "symbol": "BTC-USD"}, {"trade_id": 849741033, "side": "sell", "size": "0.00207764", "price": "116957.19000000", "time": "2025-07-15T16:22:58.457266Z", "fetched_at": "2025-07-15T16:23:25.257730+00:00", "symbol": "BTC-USD"}, {"trade_id": 849741032, "side": "sell", "size": "0.00010000", "price": "116957.20000000", "time": "2025-07-15T16:22:58.386551Z", "fetched_at": "2025-07-15T16:23:25.257730+00:00", "symbol": "BTC-USD"}, {"trade_id": 849741031, "side": "sell", "size": "0.00026628", "price": "116957.22000000", "time": "2025-07-15T16:22:57.120004Z", "fetched_at": "2025-07-15T16:23:25.257730+00:00", "symbol": "BTC-USD"}, {"trade_id": 849741030, "side": "buy", "size": "0.00172774", "price": "116945.99000000", "time": "2025-07-15T16:22:56.850660Z", "fetched_at": "2025-07-15T16:23:25.257730+00:00", "symbol": "BTC-USD"}, {"trade_id": 849741029, "side": "sell", "size": "0.00084715", "price": "116957.71000000", "time": "2025-07-15T16:22:56.448735Z", "fetched_at": "2025-07-15T16:23:25.257730+00:00", "symbol": "BTC-USD"}, {"trade_id": 849741028, "side": "sell", "size": "0.02316280", "price": "116957.00000000", "time": "2025-07-15T16:22:56.163708Z", "fetched_at": "2025-07-15T16:23:25.257730+00:00", "symbol": "BTC-USD"}, {"trade_id": 849741027, "side": "sell", "size": "0.02560000", "price": "116956.99000000", "time": "2025-07-15T16:22:56.163708Z", "fetched_at": "2025-07-15T16:23:25.257730+00:00", "symbol": "BTC-USD"}, {"trade_id": 849741026, "side": "sell", "size": "0.00000213", "price": "116956.68000000", "time": "2025-07-15T16:22:56.163708Z", "fetched_at": "2025-07-15T16:23:25.257730+00:00", "symbol": "BTC-USD"}, {"trade_id": 849741025, "side": "sell", "size": "0.00020255", "price": "116956.68000000", "time": "2025-07-15T16:22:56.163708Z", "fetched_at": "2025-07-15T16:23:25.257730+00:00", "symbol": "BTC-USD"}, {"trade_id": 849741024, "side": "sell", "size": "0.00844979", "price": "116956.68000000", "time": "2025-07-15T16:22:55.805198Z", "fetched_at": "2025-07-15T16:23:25.257730+00:00", "symbol": "BTC-USD"}, {"trade_id": 849741023, "side": "sell", "size": "0.00855021", "price": "116956.20000000", "time": "2025-07-15T16:22:55.805198Z", "fetched_at": "2025-07-15T16:23:25.257730+00:00", "symbol": "BTC-USD"}, {"trade_id": 849741022, "side": "sell", "size": "0.01565570", "price": "116955.00000000", "time": "2025-07-15T16:22:55.788013Z", "fetched_at": "2025-07-15T16:23:25.257730+00:00", "symbol": "BTC-USD"}, {"trade_id": 849741021, "side": "sell", "size": "0.00001000", "price": "116954.76000000", "time": "2025-07-15T16:22:55.788013Z", "fetched_at": "2025-07-15T16:23:25.257730+00:00", "symbol": "BTC-USD"}, {"trade_id": 849741020, "side": "sell", "size": "0.00000664", "price": "116954.45000000", "time": "2025-07-15T16:22:55.788013Z", "fetched_at": "2025-07-15T16:23:25.257730+00:00", "symbol": "BTC-USD"}, {"trade_id": 849741019, "side": "sell", "size": "0.04255640", "price": "116954.45000000", "time": "2025-07-15T16:22:55.788013Z", "fetched_at": "2025-07-15T16:23:25.257730+00:00", "symbol": "BTC-USD"}, {"trade_id": 849741018, "side": "sell", "size": "0.00000008", "price": "116954.45000000", "time": "2025-07-15T16:22:55.559021Z", "fetched_at": "2025-07-15T16:23:25.257730+00:00", "symbol": "BTC-USD"}, {"trade_id": 849741017, "side": "sell", "size": "0.00014666", "price": "116954.45000000", "time": "2025-07-15T16:22:55.526969Z", "fetched_at": "2025-07-15T16:23:25.257730+00:00", "symbol": "BTC-USD"}, {"trade_id": 849741016, "side": "sell", "size": "0.00005816", "price": "116954.45000000", "time": "2025-07-15T16:22:55.489244Z", "fetched_at": "2025-07-15T16:23:25.257730+00:00", "symbol": "BTC-USD"}, {"trade_id": 849741015, "side": "sell", "size": "0.00007258", "price": "116949.69000000", "time": "2025-07-15T16:22:55.338668Z", "fetched_at": "2025-07-15T16:23:25.257730+00:00", "symbol": "BTC-USD"}, {"trade_id": 849741014, "side": "sell", "size": "0.00001000", "price": "116946.00000000", "time": "2025-07-15T16:22:55.338668Z", "fetched_at": "2025-07-15T16:23:25.257730+00:00", "symbol": "BTC-USD"}, {"trade_id": 849741013, "side": "sell", "size": "0.00082124", "price": "116938.00000000", "time": "2025-07-15T16:22:55.032009Z", "fetched_at": "2025-07-15T16:23:25.257730+00:00", "symbol": "BTC-USD"}, {"trade_id": 849741012, "side": "sell", "size": "0.00001000", "price": "116937.24000000", "time": "2025-07-15T16:22:55.032009Z", "fetched_at": "2025-07-15T16:23:25.257730+00:00", "symbol": "BTC-USD"}, {"trade_id": 849741011, "side": "buy", "size": "0.00482787", "price": "116923.70000000", "time": "2025-07-15T16:22:54.963737Z", "fetched_at": "2025-07-15T16:23:25.257730+00:00", "symbol": "BTC-USD"}, {"trade_id": 849741010, "side": "buy", "size": "0.00009238", "price": "116923.71000000", "time": "2025-07-15T16:22:54.963737Z", "fetched_at": "2025-07-15T16:23:25.257730+00:00", "symbol": "BTC-USD"}, {"trade_id": 849741009, "side": "buy", "size": "0.00855198", "price": "116932.03000000", "time": "2025-07-15T16:22:54.963737Z", "fetched_at": "2025-07-15T16:23:25.257730+00:00", "symbol": "BTC-USD"}, {"trade_id": 849741008, "side": "buy", "size": "0.00001701", "price": "116932.03000000", "time": "2025-07-15T16:22:54.963737Z", "fetched_at": "2025-07-15T16:23:25.257730+00:00", "symbol": "BTC-USD"}, {"trade_id": 849741007, "side": "buy", "size": "0.00010185", "price": "116932.03000000", "time": "2025-07-15T16:22:54.963737Z", "fetched_at": "2025-07-15T16:23:25.257730+00:00", "symbol": "BTC-USD"}, {"trade_id": 849741006, "side": "buy", "size": "0.00000572", "price": "116932.03000000", "time": "2025-07-15T16:22:54.963737Z", "fetched_at": "2025-07-15T16:23:25.257730+00:00", "symbol": "BTC-USD"}, {"trade_id": 849741005, "side": "buy", "size": "0.00005623", "price": "116933.78000000", "time": "2025-07-15T16:22:54.963737Z", "fetched_at": "2025-07-15T16:23:25.257730+00:00", "symbol": "BTC-USD"}, {"trade_id": 849741004, "side": "buy", "size": "0.00497317", "price": "116933.78000000", "time": "2025-07-15T16:22:54.963737Z", "fetched_at": "2025-07-15T16:23:25.257730+00:00", "symbol": "BTC-USD"}, {"trade_id": 849741003, "side": "sell", "size": "0.00146027", "price": "116935.69000000", "time": "2025-07-15T16:22:54.855680Z", "fetched_at": "2025-07-15T16:23:25.257730+00:00", "symbol": "BTC-USD"}, {"trade_id": 849741002, "side": "sell", "size": "0.00012317", "price": "116934.32000000", "time": "2025-07-15T16:22:54.855680Z", "fetched_at": "2025-07-15T16:23:25.257730+00:00", "symbol": "BTC-USD"}, {"trade_id": 849741001, "side": "sell", "size": "0.00006936", "price": "116934.02000000", "time": "2025-07-15T16:22:54.855680Z", "fetched_at": "2025-07-15T16:23:25.257730+00:00", "symbol": "BTC-USD"}, {"trade_id": 849741000, "side": "sell", "size": "0.00001033", "price": "116933.79000000", "time": "2025-07-15T16:22:54.855680Z", "fetched_at": "2025-07-15T16:23:25.257730+00:00", "symbol": "BTC-USD"}, {"trade_id": 849740999, "side": "sell", "size": "0.00012707", "price": "116933.76000000", "time": "2025-07-15T16:22:54.103491Z", "fetched_at": "2025-07-15T16:23:25.257730+00:00", "symbol": "BTC-USD"}, {"trade_id": 849740998, "side": "sell", "size": "0.00021575", "price": "116933.76000000", "time": "2025-07-15T16:22:54.097490Z", "fetched_at": "2025-07-15T16:23:25.257730+00:00", "symbol": "BTC-USD"}, {"trade_id": 849740997, "side": "sell", "size": "0.00207891", "price": "116933.78000000", "time": "2025-07-15T16:22:54.016021Z", "fetched_at": "2025-07-15T16:23:25.257730+00:00", "symbol": "BTC-USD"}, {"trade_id": 849740996, "side": "sell", "size": "0.00008260", "price": "116933.78000000", "time": "2025-07-15T16:22:53.948397Z", "fetched_at": "2025-07-15T16:23:25.257730+00:00", "symbol": "BTC-USD"}, {"trade_id": 849740995, "side": "sell", "size": "0.00041567", "price": "116933.78000000", "time": "2025-07-15T16:22:53.857371Z", "fetched_at": "2025-07-15T16:23:25.257730+00:00", "symbol": "BTC-USD"}, {"trade_id": 849740994, "side": "sell", "size": "0.00020783", "price": "116933.78000000", "time": "2025-07-15T16:22:53.452095Z", "fetched_at": "2025-07-15T16:23:25.257730+00:00", "symbol": "BTC-USD"}, {"trade_id": 849740993, "side": "sell", "size": "0.00041578", "price": "116933.76000000", "time": "2025-07-15T16:22:53.205708Z", "fetched_at": "2025-07-15T16:23:25.257730+00:00", "symbol": "BTC-USD"}, {"trade_id": 849740992, "side": "sell", "size": "0.00012707", "price": "116933.79000000", "time": "2025-07-15T16:22:52.370546Z", "fetched_at": "2025-07-15T16:23:25.257730+00:00", "symbol": "BTC-USD"}, {"trade_id": 849740991, "side": "buy", "size": "0.00042595", "price": "116920.71000000", "time": "2025-07-15T16:22:52.157975Z", "fetched_at": "2025-07-15T16:23:25.257730+00:00", "symbol": "BTC-USD"}, {"trade_id": 849740990, "side": "buy", "size": "0.00009238", "price": "116920.71000000", "time": "2025-07-15T16:22:52.157975Z", "fetched_at": "2025-07-15T16:23:25.257730+00:00", "symbol": "BTC-USD"}, {"trade_id": 849740989, "side": "sell", "size": "0.00012701", "price": "116934.02000000", "time": "2025-07-15T16:22:52.012378Z", "fetched_at": "2025-07-15T16:23:25.257730+00:00", "symbol": "BTC-USD"}, {"trade_id": 849740988, "side": "sell", "size": "0.00042246", "price": "116934.02000000", "time": "2025-07-15T16:22:51.732604Z", "fetched_at": "2025-07-15T16:23:25.257730+00:00", "symbol": "BTC-USD"}, {"trade_id": 849740987, "side": "sell", "size": "0.00121697", "price": "116934.02000000", "time": "2025-07-15T16:22:51.634144Z", "fetched_at": "2025-07-15T16:23:25.257730+00:00", "symbol": "BTC-USD"}, {"trade_id": 849740986, "side": "sell", "size": "0.00041578", "price": "116934.02000000", "time": "2025-07-15T16:22:51.543515Z", "fetched_at": "2025-07-15T16:23:25.257730+00:00", "symbol": "BTC-USD"}, {"trade_id": 849740985, "side": "sell", "size": "0.00127073", "price": "116934.02000000", "time": "2025-07-15T16:22:51.531623Z", "fetched_at": "2025-07-15T16:23:25.257730+00:00", "symbol": "BTC-USD"}, {"trade_id": 849740984, "side": "sell", "size": "0.00032999", "price": "116934.02000000", "time": "2025-07-15T16:22:51.284598Z", "fetched_at": "2025-07-15T16:23:25.257730+00:00", "symbol": "BTC-USD"}, {"trade_id": 849740983, "side": "sell", "size": "0.00006937", "price": "116934.01000000", "time": "2025-07-15T16:22:51.284598Z", "fetched_at": "2025-07-15T16:23:25.257730+00:00", "symbol": "BTC-USD"}, {"trade_id": 849740982, "side": "sell", "size": "0.00001283", "price": "116933.95000000", "time": "2025-07-15T16:22:51.284598Z", "fetched_at": "2025-07-15T16:23:25.257730+00:00", "symbol": "BTC-USD"}, {"trade_id": 849740981, "side": "sell", "size": "0.00000359", "price": "116933.93000000", "time": "2025-07-15T16:22:51.284598Z", "fetched_at": "2025-07-15T16:23:25.257730+00:00", "symbol": "BTC-USD"}, {"trade_id": 849740980, "side": "sell", "size": "0.00008260", "price": "116933.93000000", "time": "2025-07-15T16:22:50.922316Z", "fetched_at": "2025-07-15T16:23:25.257730+00:00", "symbol": "BTC-USD"}, {"trade_id": 849740979, "side": "sell", "size": "0.00024347", "price": "116933.93000000", "time": "2025-07-15T16:22:50.898759Z", "fetched_at": "2025-07-15T16:23:25.257730+00:00", "symbol": "BTC-USD"}, {"trade_id": 849740978, "side": "sell", "size": "0.00173855", "price": "116916.00000000", "time": "2025-07-15T16:22:50.551971Z", "fetched_at": "2025-07-15T16:23:25.257730+00:00", "symbol": "BTC-USD"}, {"trade_id": 849740977, "side": "sell", "size": "0.00000664", "price": "116915.86000000", "time": "2025-07-15T16:22:50.551971Z", "fetched_at": "2025-07-15T16:23:25.257730+00:00", "symbol": "BTC-USD"}, {"trade_id": 849740976, "side": "sell", "size": "0.00007938", "price": "116915.86000000", "time": "2025-07-15T16:22:50.551971Z", "fetched_at": "2025-07-15T16:23:25.257730+00:00", "symbol": "BTC-USD"}, {"trade_id": 849740975, "side": "sell", "size": "0.00578238", "price": "116915.85000000", "time": "2025-07-15T16:22:50.551971Z", "fetched_at": "2025-07-15T16:23:25.257730+00:00", "symbol": "BTC-USD"}, {"trade_id": 849740974, "side": "sell", "size": "0.00070437", "price": "116915.84000000", "time": "2025-07-15T16:22:50.551971Z", "fetched_at": "2025-07-15T16:23:25.257730+00:00", "symbol": "BTC-USD"}, {"trade_id": 849740973, "side": "buy", "size": "0.00004172", "price": "116912.83000000", "time": "2025-07-15T16:22:50.427563Z", "fetched_at": "2025-07-15T16:23:25.257730+00:00", "symbol": "BTC-USD"}, {"trade_id": 849740972, "side": "sell", "size": "0.00000488", "price": "116927.60000000", "time": "2025-07-15T16:22:50.263726Z", "fetched_at": "2025-07-15T16:23:25.257730+00:00", "symbol": "BTC-USD"}, {"trade_id": 849740971, "side": "sell", "size": "0.00004024", "price": "116928.37000000", "time": "2025-07-15T16:22:49.438672Z", "fetched_at": "2025-07-15T16:23:25.257730+00:00", "symbol": "BTC-USD"}, {"trade_id": 849740970, "side": "sell", "size": "0.00020789", "price": "116931.98000000", "time": "2025-07-15T16:22:49.311840Z", "fetched_at": "2025-07-15T16:23:25.257730+00:00", "symbol": "BTC-USD"}, {"trade_id": 849740969, "side": "sell", "size": "0.00033259", "price": "116933.91000000", "time": "2025-07-15T16:22:49.170857Z", "fetched_at": "2025-07-15T16:23:25.257730+00:00", "symbol": "BTC-USD"}, {"trade_id": 849740968, "side": "sell", "size": "0.00020789", "price": "116933.89000000", "time": "2025-07-15T16:22:48.911989Z", "fetched_at": "2025-07-15T16:23:25.257730+00:00", "symbol": "BTC-USD"}, {"trade_id": 849740967, "side": "sell", "size": "0.00016630", "price": "116933.89000000", "time": "2025-07-15T16:22:48.904254Z", "fetched_at": "2025-07-15T16:23:25.257730+00:00", "symbol": "BTC-USD"}, {"trade_id": 849740966, "side": "sell", "size": "0.00083157", "price": "116933.92000000", "time": "2025-07-15T16:22:48.637526Z", "fetched_at": "2025-07-15T16:23:25.257730+00:00", "symbol": "BTC-USD"}, {"trade_id": 849740965, "side": "sell", "size": "0.00004058", "price": "116933.92000000", "time": "2025-07-15T16:22:48.621205Z", "fetched_at": "2025-07-15T16:23:25.257730+00:00", "symbol": "BTC-USD"}, {"trade_id": 849740964, "side": "buy", "size": "0.00000008", "price": "116915.58000000", "time": "2025-07-15T16:22:48.586637Z", "fetched_at": "2025-07-15T16:23:25.257730+00:00", "symbol": "BTC-USD"}, {"trade_id": 849740963, "side": "sell", "size": "0.00016231", "price": "116933.92000000", "time": "2025-07-15T16:22:48.443082Z", "fetched_at": "2025-07-15T16:23:25.257730+00:00", "symbol": "BTC-USD"}, {"trade_id": 849740962, "side": "sell", "size": "0.00016620", "price": "116933.92000000", "time": "2025-07-15T16:22:48.266673Z", "fetched_at": "2025-07-15T16:23:25.257730+00:00", "symbol": "BTC-USD"}, {"trade_id": 849740961, "side": "sell", "size": "0.00188649", "price": "116933.91000000", "time": "2025-07-15T16:22:48.160037Z", "fetched_at": "2025-07-15T16:23:25.257730+00:00", "symbol": "BTC-USD"}, {"trade_id": 849740960, "side": "sell", "size": "0.00107855", "price": "116933.89000000", "time": "2025-07-15T16:22:48.160037Z", "fetched_at": "2025-07-15T16:23:25.257730+00:00", "symbol": "BTC-USD"}, {"trade_id": 849740959, "side": "sell", "size": "0.00008392", "price": "116933.91000000", "time": "2025-07-15T16:22:48.112982Z", "fetched_at": "2025-07-15T16:23:25.257730+00:00", "symbol": "BTC-USD"}, {"trade_id": 849740958, "side": "buy", "size": "0.00035283", "price": "116915.04000000", "time": "2025-07-15T16:22:47.971350Z", "fetched_at": "2025-07-15T16:23:25.257730+00:00", "symbol": "BTC-USD"}, {"trade_id": 849740957, "side": "buy", "size": "0.00009239", "price": "116915.05000000", "time": "2025-07-15T16:22:47.971350Z", "fetched_at": "2025-07-15T16:23:25.257730+00:00", "symbol": "BTC-USD"}, {"trade_id": 849740956, "side": "sell", "size": "0.00000847", "price": "116933.94000000", "time": "2025-07-15T16:22:47.969887Z", "fetched_at": "2025-07-15T16:23:25.257730+00:00", "symbol": "BTC-USD"}, {"trade_id": 849740955, "side": "sell", "size": "0.00049897", "price": "116933.94000000", "time": "2025-07-15T16:22:47.890861Z", "fetched_at": "2025-07-15T16:23:25.257730+00:00", "symbol": "BTC-USD"}, {"trade_id": 849740954, "side": "sell", "size": "0.00054048", "price": "116934.00000000", "time": "2025-07-15T16:22:47.230473Z", "fetched_at": "2025-07-15T16:23:25.257730+00:00", "symbol": "BTC-USD"}, {"trade_id": 849740953, "side": "sell", "size": "0.00124677", "price": "116934.00000000", "time": "2025-07-15T16:22:46.941853Z", "fetched_at": "2025-07-15T16:23:25.257730+00:00", "symbol": "BTC-USD"}, {"trade_id": 849740952, "side": "sell", "size": "0.00000664", "price": "116933.94000000", "time": "2025-07-15T16:22:46.941853Z", "fetched_at": "2025-07-15T16:23:25.257730+00:00", "symbol": "BTC-USD"}, {"trade_id": 849740951, "side": "sell", "size": "0.00274000", "price": "116933.87000000", "time": "2025-07-15T16:22:46.941853Z", "fetched_at": "2025-07-15T16:23:25.257730+00:00", "symbol": "BTC-USD"}, {"trade_id": 849740950, "side": "sell", "size": "0.00083157", "price": "116933.90000000", "time": "2025-07-15T16:22:46.494822Z", "fetched_at": "2025-07-15T16:23:25.257730+00:00", "symbol": "BTC-USD"}, {"trade_id": 849740949, "side": "sell", "size": "0.00009147", "price": "116933.90000000", "time": "2025-07-15T16:22:46.447338Z", "fetched_at": "2025-07-15T16:23:25.257730+00:00", "symbol": "BTC-USD"}, {"trade_id": 849740948, "side": "sell", "size": "0.00008116", "price": "116933.92000000", "time": "2025-07-15T16:22:46.361930Z", "fetched_at": "2025-07-15T16:23:25.257730+00:00", "symbol": "BTC-USD"}, {"trade_id": 849740947, "side": "sell", "size": "0.00021179", "price": "116933.93000000", "time": "2025-07-15T16:22:46.264586Z", "fetched_at": "2025-07-15T16:23:25.257730+00:00", "symbol": "BTC-USD"}, {"trade_id": 849740946, "side": "sell", "size": "0.00020789", "price": "116933.92000000", "time": "2025-07-15T16:22:46.041414Z", "fetched_at": "2025-07-15T16:23:25.257730+00:00", "symbol": "BTC-USD"}, {"trade_id": 849740945, "side": "buy", "size": "0.00009166", "price": "116915.88000000", "time": "2025-07-15T16:22:45.965728Z", "fetched_at": "2025-07-15T16:23:25.257730+00:00", "symbol": "BTC-USD"}, {"trade_id": 849740944, "side": "sell", "size": "0.00041578", "price": "116933.92000000", "time": "2025-07-15T16:22:45.766845Z", "fetched_at": "2025-07-15T16:23:25.257730+00:00", "symbol": "BTC-USD"}, {"trade_id": 849740943, "side": "sell", "size": "0.00041578", "price": "116933.94000000", "time": "2025-07-15T16:22:45.522126Z", "fetched_at": "2025-07-15T16:23:25.257730+00:00", "symbol": "BTC-USD"}, {"trade_id": 849740942, "side": "sell", "size": "0.00042358", "price": "116933.95000000", "time": "2025-07-15T16:22:45.423850Z", "fetched_at": "2025-07-15T16:23:25.257730+00:00", "symbol": "BTC-USD"}, {"trade_id": 849740941, "side": "sell", "size": "0.00001067", "price": "116933.98000000", "time": "2025-07-15T16:22:45.243728Z", "fetched_at": "2025-07-15T16:23:25.257730+00:00", "symbol": "BTC-USD"}, {"trade_id": 849740940, "side": "sell", "size": "0.00012707", "price": "116933.98000000", "time": "2025-07-15T16:22:45.157783Z", "fetched_at": "2025-07-15T16:23:25.257730+00:00", "symbol": "BTC-USD"}, {"trade_id": 849740939, "side": "sell", "size": "0.00602837", "price": "116934.00000000", "time": "2025-07-15T16:22:44.132818Z", "fetched_at": "2025-07-15T16:23:25.257730+00:00", "symbol": "BTC-USD"}, {"trade_id": 849740938, "side": "sell", "size": "0.00636321", "price": "116933.99000000", "time": "2025-07-15T16:22:44.132818Z", "fetched_at": "2025-07-15T16:23:25.257730+00:00", "symbol": "BTC-USD"}, {"trade_id": 849740937, "side": "buy", "size": "0.00003395", "price": "116911.30000000", "time": "2025-07-15T16:22:43.987481Z", "fetched_at": "2025-07-15T16:23:25.257730+00:00", "symbol": "BTC-USD"}, {"trade_id": 849740936, "side": "buy", "size": "0.00002488", "price": "116922.30000000", "time": "2025-07-15T16:22:43.987481Z", "fetched_at": "2025-07-15T16:23:25.257730+00:00", "symbol": "BTC-USD"}, {"trade_id": 849740935, "side": "sell", "size": "0.00102082", "price": "116933.99000000", "time": "2025-07-15T16:22:43.972345Z", "fetched_at": "2025-07-15T16:23:25.257730+00:00", "symbol": "BTC-USD"}, {"trade_id": 849740934, "side": "sell", "size": "0.02797132", "price": "116934.32000000", "time": "2025-07-15T16:22:43.364635Z", "fetched_at": "2025-07-15T16:23:25.257730+00:00", "symbol": "BTC-USD"}, {"trade_id": 849740933, "side": "sell", "size": "0.00855226", "price": "116928.14000000", "time": "2025-07-15T16:22:43.364635Z", "fetched_at": "2025-07-15T16:23:25.257730+00:00", "symbol": "BTC-USD"}, {"trade_id": 849740932, "side": "sell", "size": "0.00017911", "price": "116926.39000000", "time": "2025-07-15T16:22:43.364635Z", "fetched_at": "2025-07-15T16:23:25.257730+00:00", "symbol": "BTC-USD"}, {"trade_id": 849740931, "side": "sell", "size": "0.00004059", "price": "116926.39000000", "time": "2025-07-15T16:22:42.922596Z", "fetched_at": "2025-07-15T16:23:25.257730+00:00", "symbol": "BTC-USD"}, {"trade_id": 849740930, "side": "sell", "size": "0.00863342", "price": "116926.39000000", "time": "2025-07-15T16:22:42.795928Z", "fetched_at": "2025-07-15T16:23:25.257730+00:00", "symbol": "BTC-USD"}, {"trade_id": 849740929, "side": "sell", "size": "0.00000068", "price": "116923.35000000", "time": "2025-07-15T16:22:42.795928Z", "fetched_at": "2025-07-15T16:23:25.257730+00:00", "symbol": "BTC-USD"}, {"trade_id": 849740928, "side": "sell", "size": "0.00000008", "price": "116923.35000000", "time": "2025-07-15T16:22:42.757357Z", "fetched_at": "2025-07-15T16:23:25.257730+00:00", "symbol": "BTC-USD"}, {"trade_id": 849740927, "side": "sell", "size": "0.00000042", "price": "116923.35000000", "time": "2025-07-15T16:22:42.739900Z", "fetched_at": "2025-07-15T16:23:25.257730+00:00", "symbol": "BTC-USD"}, {"trade_id": 849740926, "side": "sell", "size": "0.00077354", "price": "116923.35000000", "time": "2025-07-15T16:22:42.720224Z", "fetched_at": "2025-07-15T16:23:25.257730+00:00", "symbol": "BTC-USD"}, {"trade_id": 849740925, "side": "sell", "size": "0.00006936", "price": "116919.72000000", "time": "2025-07-15T16:22:42.720224Z", "fetched_at": "2025-07-15T16:23:25.257730+00:00", "symbol": "BTC-USD"}, {"trade_id": 849740924, "side": "sell", "size": "0.00000213", "price": "116919.72000000", "time": "2025-07-15T16:22:42.720224Z", "fetched_at": "2025-07-15T16:23:25.257730+00:00", "symbol": "BTC-USD"}, {"trade_id": 849740923, "side": "sell", "size": "0.00000125", "price": "116919.72000000", "time": "2025-07-15T16:22:42.720224Z", "fetched_at": "2025-07-15T16:23:25.257730+00:00", "symbol": "BTC-USD"}, {"trade_id": 849740922, "side": "sell", "size": "0.00000875", "price": "116919.72000000", "time": "2025-07-15T16:22:41.682509Z", "fetched_at": "2025-07-15T16:23:25.257730+00:00", "symbol": "BTC-USD"}, {"trade_id": 849740921, "side": "sell", "size": "0.00000664", "price": "116912.41000000", "time": "2025-07-15T16:22:41.682509Z", "fetched_at": "2025-07-15T16:23:25.257730+00:00", "symbol": "BTC-USD"}, {"trade_id": 849740920, "side": "sell", "size": "0.00000784", "price": "116912.41000000", "time": "2025-07-15T16:22:41.682509Z", "fetched_at": "2025-07-15T16:23:25.257730+00:00", "symbol": "BTC-USD"}, {"trade_id": 849740919, "side": "sell", "size": "0.00061948", "price": "116912.41000000", "time": "2025-07-15T16:22:41.211729Z", "fetched_at": "2025-07-15T16:23:25.257730+00:00", "symbol": "BTC-USD"}, {"trade_id": 849740918, "side": "sell", "size": "0.00002067", "price": "116910.96000000", "time": "2025-07-15T16:22:41.211729Z", "fetched_at": "2025-07-15T16:23:25.257730+00:00", "symbol": "BTC-USD"}, {"trade_id": 849740917, "side": "sell", "size": "0.00000239", "price": "116910.96000000", "time": "2025-07-15T16:22:41.211729Z", "fetched_at": "2025-07-15T16:23:25.257730+00:00", "symbol": "BTC-USD"}, {"trade_id": 849740916, "side": "sell", "size": "0.00017911", "price": "116910.96000000", "time": "2025-07-15T16:22:41.211729Z", "fetched_at": "2025-07-15T16:23:25.257730+00:00", "symbol": "BTC-USD"}, {"trade_id": 849740915, "side": "sell", "size": "0.00001000", "price": "116910.96000000", "time": "2025-07-15T16:22:41.211729Z", "fetched_at": "2025-07-15T16:23:25.257730+00:00", "symbol": "BTC-USD"}, {"trade_id": 849740914, "side": "sell", "size": "0.00062537", "price": "116907.75000000", "time": "2025-07-15T16:22:40.468957Z", "fetched_at": "2025-07-15T16:23:25.257730+00:00", "symbol": "BTC-USD"}, {"trade_id": 849740913, "side": "sell", "size": "0.00001000", "price": "116902.20000000", "time": "2025-07-15T16:22:40.468957Z", "fetched_at": "2025-07-15T16:23:25.257730+00:00", "symbol": "BTC-USD"}, {"trade_id": 849740912, "side": "sell", "size": "0.00001000", "price": "116893.44000000", "time": "2025-07-15T16:22:40.270148Z", "fetched_at": "2025-07-15T16:23:25.257730+00:00", "symbol": "BTC-USD"}, {"trade_id": 849740911, "side": "sell", "size": "0.00001000", "price": "116884.68000000", "time": "2025-07-15T16:22:40.270010Z", "fetched_at": "2025-07-15T16:23:25.257730+00:00", "symbol": "BTC-USD"}, {"trade_id": 849740910, "side": "sell", "size": "0.00001000", "price": "116875.92000000", "time": "2025-07-15T16:22:40.049140Z", "fetched_at": "2025-07-15T16:23:25.257730+00:00", "symbol": "BTC-USD"}, {"trade_id": 849740909, "side": "sell", "size": "0.00001000", "price": "116867.16000000", "time": "2025-07-15T16:22:39.979973Z", "fetched_at": "2025-07-15T16:23:25.257730+00:00", "symbol": "BTC-USD"}, {"trade_id": 849740908, "side": "sell", "size": "0.00855697", "price": "116863.74000000", "time": "2025-07-15T16:22:39.878489Z", "fetched_at": "2025-07-15T16:23:25.257730+00:00", "symbol": "BTC-USD"}, {"trade_id": 849740907, "side": "sell", "size": "0.00009341", "price": "116861.99000000", "time": "2025-07-15T16:22:39.875734Z", "fetched_at": "2025-07-15T16:23:25.257730+00:00", "symbol": "BTC-USD"}, {"trade_id": 849740906, "side": "sell", "size": "0.00000670", "price": "116861.99000000", "time": "2025-07-15T16:22:39.875734Z", "fetched_at": "2025-07-15T16:23:25.257730+00:00", "symbol": "BTC-USD"}, {"trade_id": 849740905, "side": "sell", "size": "0.00015502", "price": "116861.99000000", "time": "2025-07-15T16:22:39.875734Z", "fetched_at": "2025-07-15T16:23:25.257730+00:00", "symbol": "BTC-USD"}, {"trade_id": 849740904, "side": "sell", "size": "0.00003101", "price": "116861.99000000", "time": "2025-07-15T16:22:39.875734Z", "fetched_at": "2025-07-15T16:23:25.257730+00:00", "symbol": "BTC-USD"}, {"trade_id": 849740903, "side": "sell", "size": "0.00000222", "price": "116861.99000000", "time": "2025-07-15T16:22:39.875734Z", "fetched_at": "2025-07-15T16:23:25.257730+00:00", "symbol": "BTC-USD"}, {"trade_id": 849740902, "side": "sell", "size": "0.00369060", "price": "116861.99000000", "time": "2025-07-15T16:22:39.875734Z", "fetched_at": "2025-07-15T16:23:25.257730+00:00", "symbol": "BTC-USD"}, {"trade_id": 849740901, "side": "sell", "size": "0.05569428", "price": "116861.99000000", "time": "2025-07-15T16:22:39.872157Z", "fetched_at": "2025-07-15T16:23:25.257730+00:00", "symbol": "BTC-USD"}, {"trade_id": 849740900, "side": "sell", "size": "0.00749105", "price": "116861.99000000", "time": "2025-07-15T16:22:39.871538Z", "fetched_at": "2025-07-15T16:23:25.257730+00:00", "symbol": "BTC-USD"}, {"trade_id": 849740899, "side": "sell", "size": "0.01102810", "price": "116861.99000000", "time": "2025-07-15T16:22:39.871178Z", "fetched_at": "2025-07-15T16:23:25.257730+00:00", "symbol": "BTC-USD"}, {"trade_id": 849740898, "side": "sell", "size": "0.01177777", "price": "116861.99000000", "time": "2025-07-15T16:22:39.675054Z", "fetched_at": "2025-07-15T16:23:25.257730+00:00", "symbol": "BTC-USD"}, {"trade_id": 849740897, "side": "sell", "size": "0.00083168", "price": "116861.99000000", "time": "2025-07-15T16:22:38.533334Z", "fetched_at": "2025-07-15T16:23:25.257730+00:00", "symbol": "BTC-USD"}, {"trade_id": 849740896, "side": "buy", "size": "0.00008049", "price": "116858.65000000", "time": "2025-07-15T16:22:38.274477Z", "fetched_at": "2025-07-15T16:23:25.257730+00:00", "symbol": "BTC-USD"}, {"trade_id": 849740895, "side": "buy", "size": "0.00009243", "price": "116861.98000000", "time": "2025-07-15T16:22:38.274477Z", "fetched_at": "2025-07-15T16:23:25.257730+00:00", "symbol": "BTC-USD"}, {"trade_id": 849740894, "side": "buy", "size": "0.00018152", "price": "116861.98000000", "time": "2025-07-15T16:22:37.656576Z", "fetched_at": "2025-07-15T16:23:25.257730+00:00", "symbol": "BTC-USD"}, {"trade_id": 849740893, "side": "buy", "size": "0.00009235", "price": "116861.98000000", "time": "2025-07-15T16:22:37.656576Z", "fetched_at": "2025-07-15T16:23:25.257730+00:00", "symbol": "BTC-USD"}, {"trade_id": 849740892, "side": "sell", "size": "0.04236217", "price": "116861.99000000", "time": "2025-07-15T16:22:37.524862Z", "fetched_at": "2025-07-15T16:23:25.257730+00:00", "symbol": "BTC-USD"}, {"trade_id": 849740891, "side": "sell", "size": "0.00021108", "price": "116861.99000000", "time": "2025-07-15T16:22:37.225487Z", "fetched_at": "2025-07-15T16:23:25.257730+00:00", "symbol": "BTC-USD"}, {"trade_id": 849740890, "side": "buy", "size": "0.00000008", "price": "116861.98000000", "time": "2025-07-15T16:22:36.878450Z", "fetched_at": "2025-07-15T16:23:25.257730+00:00", "symbol": "BTC-USD"}, {"trade_id": 849740889, "side": "sell", "size": "0.00169454", "price": "116861.99000000", "time": "2025-07-15T16:22:36.410258Z", "fetched_at": "2025-07-15T16:23:25.257730+00:00", "symbol": "BTC-USD"}, {"trade_id": 849740888, "side": "sell", "size": "0.00041000", "price": "116861.99000000", "time": "2025-07-15T16:22:35.448638Z", "fetched_at": "2025-07-15T16:23:25.257730+00:00", "symbol": "BTC-USD"}, {"trade_id": 849740887, "side": "sell", "size": "0.00081174", "price": "116861.99000000", "time": "2025-07-15T16:22:35.421358Z", "fetched_at": "2025-07-15T16:23:25.257730+00:00", "symbol": "BTC-USD"}, {"trade_id": 849740886, "side": "sell", "size": "0.00002881", "price": "116861.99000000", "time": "2025-07-15T16:22:35.321473Z", "fetched_at": "2025-07-15T16:23:25.257730+00:00", "symbol": "BTC-USD"}, {"trade_id": 849740885, "side": "buy", "size": "0.00000053", "price": "116858.39000000", "time": "2025-07-15T16:22:34.694286Z", "fetched_at": "2025-07-15T16:23:25.257730+00:00", "symbol": "BTC-USD"}, {"trade_id": 849740884, "side": "buy", "size": "0.00137166", "price": "116858.39000000", "time": "2025-07-15T16:22:34.682094Z", "fetched_at": "2025-07-15T16:23:25.257730+00:00", "symbol": "BTC-USD"}, {"trade_id": 849740883, "side": "sell", "size": "0.00041585", "price": "116861.29000000", "time": "2025-07-15T16:22:34.666251Z", "fetched_at": "2025-07-15T16:23:25.257730+00:00", "symbol": "BTC-USD"}, {"trade_id": 849740882, "side": "buy", "size": "0.00125336", "price": "116858.39000000", "time": "2025-07-15T16:22:32.618301Z", "fetched_at": "2025-07-15T16:23:25.257730+00:00", "symbol": "BTC-USD"}, {"trade_id": 849740881, "side": "sell", "size": "0.00002549", "price": "116861.99000000", "time": "2025-07-15T16:22:31.424170Z", "fetched_at": "2025-07-15T16:23:25.257730+00:00", "symbol": "BTC-USD"}, {"trade_id": 849740880, "side": "sell", "size": "0.00158265", "price": "116861.99000000", "time": "2025-07-15T16:22:31.302650Z", "fetched_at": "2025-07-15T16:23:25.257730+00:00", "symbol": "BTC-USD"}, {"trade_id": 849740879, "side": "sell", "size": "0.00006443", "price": "116861.99000000", "time": "2025-07-15T16:22:30.805086Z", "fetched_at": "2025-07-15T16:23:25.257730+00:00", "symbol": "BTC-USD"}, {"trade_id": 849740878, "side": "sell", "size": "0.00001000", "price": "116858.40000000", "time": "2025-07-15T16:22:30.805086Z", "fetched_at": "2025-07-15T16:23:25.257730+00:00", "symbol": "BTC-USD"}, {"trade_id": 849740877, "side": "sell", "size": "0.00000678", "price": "116855.89000000", "time": "2025-07-15T16:22:30.805086Z", "fetched_at": "2025-07-15T16:23:25.257730+00:00", "symbol": "BTC-USD"}, {"trade_id": 849740876, "side": "sell", "size": "0.00007082", "price": "116855.89000000", "time": "2025-07-15T16:22:30.805086Z", "fetched_at": "2025-07-15T16:23:25.257730+00:00", "symbol": "BTC-USD"}, {"trade_id": 849740875, "side": "sell", "size": "0.00001033", "price": "116855.89000000", "time": "2025-07-15T16:22:30.805086Z", "fetched_at": "2025-07-15T16:23:25.257730+00:00", "symbol": "BTC-USD"}, {"trade_id": 849740874, "side": "sell", "size": "0.00000674", "price": "116849.62000000", "time": "2025-07-15T16:22:30.381640Z", "fetched_at": "2025-07-15T16:23:25.257730+00:00", "symbol": "BTC-USD"}, {"trade_id": 849740873, "side": "sell", "size": "0.00000213", "price": "116849.62000000", "time": "2025-07-15T16:22:30.381640Z", "fetched_at": "2025-07-15T16:23:25.257730+00:00", "symbol": "BTC-USD"}, {"trade_id": 849740872, "side": "sell", "size": "0.00006988", "price": "116849.62000000", "time": "2025-07-15T16:22:30.381640Z", "fetched_at": "2025-07-15T16:23:25.257730+00:00", "symbol": "BTC-USD"}, {"trade_id": 849740871, "side": "buy", "size": "0.00050081", "price": "116849.61000000", "time": "2025-07-15T16:22:29.690371Z", "fetched_at": "2025-07-15T16:23:25.257730+00:00", "symbol": "BTC-USD"}, {"trade_id": 849740870, "side": "buy", "size": "0.00018828", "price": "116845.74000000", "time": "2025-07-15T16:22:29.628964Z", "fetched_at": "2025-07-15T16:23:25.257730+00:00", "symbol": "BTC-USD"}, {"trade_id": 849740869, "side": "sell", "size": "0.03035122", "price": "116846.00000000", "time": "2025-07-15T16:22:28.876679Z", "fetched_at": "2025-07-15T16:23:25.257730+00:00", "symbol": "BTC-USD"}, {"trade_id": 849740868, "side": "sell", "size": "0.00007100", "price": "116845.22000000", "time": "2025-07-15T16:22:28.876679Z", "fetched_at": "2025-07-15T16:23:25.257730+00:00", "symbol": "BTC-USD"}, {"trade_id": 849740867, "side": "sell", "size": "0.00002342", "price": "116845.22000000", "time": "2025-07-15T16:22:28.470635Z", "fetched_at": "2025-07-15T16:23:25.257730+00:00", "symbol": "BTC-USD"}, {"trade_id": 849740866, "side": "sell", "size": "0.01269943", "price": "116850.00000000", "time": "2025-07-15T16:22:27.713514Z", "fetched_at": "2025-07-15T16:23:25.257730+00:00", "symbol": "BTC-USD"}, {"trade_id": 849740865, "side": "sell", "size": "0.00000479", "price": "116849.64000000", "time": "2025-07-15T16:22:27.713514Z", "fetched_at": "2025-07-15T16:23:25.257730+00:00", "symbol": "BTC-USD"}, {"trade_id": 849740864, "side": "sell", "size": "0.00015514", "price": "116849.64000000", "time": "2025-07-15T16:22:27.713514Z", "fetched_at": "2025-07-15T16:23:25.257730+00:00", "symbol": "BTC-USD"}, {"trade_id": 849740863, "side": "sell", "size": "0.00001000", "price": "116849.64000000", "time": "2025-07-15T16:22:27.713514Z", "fetched_at": "2025-07-15T16:23:25.257730+00:00", "symbol": "BTC-USD"}, {"trade_id": 849740862, "side": "sell", "size": "0.00000634", "price": "116849.63000000", "time": "2025-07-15T16:22:27.713514Z", "fetched_at": "2025-07-15T16:23:25.257730+00:00", "symbol": "BTC-USD"}, {"trade_id": 849740861, "side": "sell", "size": "0.00791395", "price": "116849.62000000", "time": "2025-07-15T16:22:27.713514Z", "fetched_at": "2025-07-15T16:23:25.257730+00:00", "symbol": "BTC-USD"}, {"trade_id": 849740860, "side": "sell", "size": "0.00071248", "price": "116844.00000000", "time": "2025-07-15T16:22:27.665699Z", "fetched_at": "2025-07-15T16:23:25.257730+00:00", "symbol": "BTC-USD"}, {"trade_id": 849740859, "side": "sell", "size": "0.00020257", "price": "116843.47000000", "time": "2025-07-15T16:22:27.665699Z", "fetched_at": "2025-07-15T16:23:25.257730+00:00", "symbol": "BTC-USD"}, {"trade_id": 849740858, "side": "sell", "size": "0.00732319", "price": "116849.33000000", "time": "2025-07-15T16:22:24.693978Z", "fetched_at": "2025-07-15T16:23:25.257730+00:00", "symbol": "BTC-USD"}, {"trade_id": 849740857, "side": "sell", "size": "0.07036088", "price": "116849.60000000", "time": "2025-07-15T16:22:24.295343Z", "fetched_at": "2025-07-15T16:23:25.257730+00:00", "symbol": "BTC-USD"}, {"trade_id": 849740856, "side": "sell", "size": "0.00583912", "price": "116849.60000000", "time": "2025-07-15T16:22:24.295343Z", "fetched_at": "2025-07-15T16:23:25.257730+00:00", "symbol": "BTC-USD"}, {"trade_id": 849740855, "side": "buy", "size": "0.03240671", "price": "116836.32000000", "time": "2025-07-15T16:22:24.220052Z", "fetched_at": "2025-07-15T16:23:25.257730+00:00", "symbol": "BTC-USD"}, {"trade_id": 849740854, "side": "buy", "size": "0.00009245", "price": "116836.33000000", "time": "2025-07-15T16:22:24.220052Z", "fetched_at": "2025-07-15T16:23:25.257730+00:00", "symbol": "BTC-USD"}, {"trade_id": 849740853, "side": "sell", "size": "0.00000751", "price": "116849.62000000", "time": "2025-07-15T16:22:23.961309Z", "fetched_at": "2025-07-15T16:23:25.257730+00:00", "symbol": "BTC-USD"}, {"trade_id": 849740852, "side": "sell", "size": "0.00243471", "price": "116849.54000000", "time": "2025-07-15T16:22:23.133300Z", "fetched_at": "2025-07-15T16:23:25.257730+00:00", "symbol": "BTC-USD"}, {"trade_id": 849740851, "side": "buy", "size": "0.02244720", "price": "116833.34000000", "time": "2025-07-15T16:22:22.906498Z", "fetched_at": "2025-07-15T16:23:25.257730+00:00", "symbol": "BTC-USD"}, {"trade_id": 849740850, "side": "buy", "size": "0.00009245", "price": "116833.35000000", "time": "2025-07-15T16:22:22.906498Z", "fetched_at": "2025-07-15T16:23:25.257730+00:00", "symbol": "BTC-USD"}, {"trade_id": 849740849, "side": "sell", "size": "0.00014000", "price": "116849.57000000", "time": "2025-07-15T16:22:22.786833Z", "fetched_at": "2025-07-15T16:23:25.257730+00:00", "symbol": "BTC-USD"}, {"trade_id": 849740848, "side": "sell", "size": "0.00968688", "price": "116849.61000000", "time": "2025-07-15T16:22:22.502158Z", "fetched_at": "2025-07-15T16:23:25.257730+00:00", "symbol": "BTC-USD"}, {"trade_id": 849740847, "side": "sell", "size": "0.00041580", "price": "116849.62000000", "time": "2025-07-15T16:22:22.236553Z", "fetched_at": "2025-07-15T16:23:25.257730+00:00", "symbol": "BTC-USD"}, {"trade_id": 849740846, "side": "sell", "size": "0.00433743", "price": "116849.62000000", "time": "2025-07-15T16:22:21.982699Z", "fetched_at": "2025-07-15T16:23:25.257730+00:00", "symbol": "BTC-USD"}, {"trade_id": 849740845, "side": "buy", "size": "0.00023599", "price": "116833.34000000", "time": "2025-07-15T16:22:21.609487Z", "fetched_at": "2025-07-15T16:23:25.257730+00:00", "symbol": "BTC-USD"}, {"trade_id": 849740844, "side": "buy", "size": "0.00009245", "price": "116833.35000000", "time": "2025-07-15T16:22:21.609487Z", "fetched_at": "2025-07-15T16:23:25.257730+00:00", "symbol": "BTC-USD"}, {"trade_id": 849740843, "side": "sell", "size": "0.00083152", "price": "116849.63000000", "time": "2025-07-15T16:22:20.798448Z", "fetched_at": "2025-07-15T16:23:25.257730+00:00", "symbol": "BTC-USD"}, {"trade_id": 849740842, "side": "sell", "size": "0.00447002", "price": "116842.99000000", "time": "2025-07-15T16:22:20.458870Z", "fetched_at": "2025-07-15T16:23:25.257730+00:00", "symbol": "BTC-USD"}, {"trade_id": 849740841, "side": "sell", "size": "0.00001000", "price": "116840.88000000", "time": "2025-07-15T16:22:20.458870Z", "fetched_at": "2025-07-15T16:23:25.257730+00:00", "symbol": "BTC-USD"}, {"trade_id": 849740840, "side": "sell", "size": "0.00412053", "price": "116835.27000000", "time": "2025-07-15T16:22:20.202284Z", "fetched_at": "2025-07-15T16:23:25.257730+00:00", "symbol": "BTC-USD"}, {"trade_id": 849740839, "side": "sell", "size": "0.00000136", "price": "116828.38000000", "time": "2025-07-15T16:22:20.202284Z", "fetched_at": "2025-07-15T16:23:25.257730+00:00", "symbol": "BTC-USD"}, {"trade_id": 849740838, "side": "sell", "size": "0.00002697", "price": "116828.38000000", "time": "2025-07-15T16:22:20.202284Z", "fetched_at": "2025-07-15T16:23:25.257730+00:00", "symbol": "BTC-USD"}, {"trade_id": 849740837, "side": "sell", "size": "0.00000697", "price": "116828.36000000", "time": "2025-07-15T16:22:20.202284Z", "fetched_at": "2025-07-15T16:23:25.257730+00:00", "symbol": "BTC-USD"}, {"trade_id": 849740836, "side": "sell", "size": "0.00000295", "price": "116828.35000000", "time": "2025-07-15T16:22:20.202284Z", "fetched_at": "2025-07-15T16:23:25.257730+00:00", "symbol": "BTC-USD"}, {"trade_id": 849740835, "side": "sell", "size": "0.00042246", "price": "116820.99000000", "time": "2025-07-15T16:22:16.969233Z", "fetched_at": "2025-07-15T16:23:25.257730+00:00", "symbol": "BTC-USD"}, {"trade_id": 849740834, "side": "sell", "size": "0.00278785", "price": "116820.99000000", "time": "2025-07-15T16:22:16.681104Z", "fetched_at": "2025-07-15T16:23:25.257730+00:00", "symbol": "BTC-USD"}, {"trade_id": 849740833, "side": "sell", "size": "0.00020551", "price": "116819.60000000", "time": "2025-07-15T16:22:16.681104Z", "fetched_at": "2025-07-15T16:23:25.257730+00:00", "symbol": "BTC-USD"}, {"trade_id": 849740832, "side": "sell", "size": "0.00000664", "price": "116819.60000000", "time": "2025-07-15T16:22:16.681104Z", "fetched_at": "2025-07-15T16:23:25.257730+00:00", "symbol": "BTC-USD"}, {"trade_id": 849740831, "side": "buy", "size": "0.06345754", "price": "116819.49000000", "time": "2025-07-15T16:22:16.173189Z", "fetched_at": "2025-07-15T16:23:25.257730+00:00", "symbol": "BTC-USD"}, {"trade_id": 849740830, "side": "buy", "size": "0.00009246", "price": "116820.84000000", "time": "2025-07-15T16:22:16.173189Z", "fetched_at": "2025-07-15T16:23:25.257730+00:00", "symbol": "BTC-USD"}, {"trade_id": 849740829, "side": "buy", "size": "0.01455122", "price": "116819.49000000", "time": "2025-07-15T16:22:16.166145Z", "fetched_at": "2025-07-15T16:23:25.257730+00:00", "symbol": "BTC-USD"}, {"trade_id": 849740828, "side": "buy", "size": "0.05000000", "price": "116819.50000000", "time": "2025-07-15T16:22:16.166145Z", "fetched_at": "2025-07-15T16:23:25.257730+00:00", "symbol": "BTC-USD"}, {"trade_id": 849740827, "side": "buy", "size": "0.02139387", "price": "116820.83000000", "time": "2025-07-15T16:22:16.166145Z", "fetched_at": "2025-07-15T16:23:25.257730+00:00", "symbol": "BTC-USD"}, {"trade_id": 849740826, "side": "buy", "size": "0.00009246", "price": "116820.84000000", "time": "2025-07-15T16:22:16.166145Z", "fetched_at": "2025-07-15T16:23:25.257730+00:00", "symbol": "BTC-USD"}, {"trade_id": 849740825, "side": "buy", "size": "0.00000821", "price": "116823.37000000", "time": "2025-07-15T16:22:16.166145Z", "fetched_at": "2025-07-15T16:23:25.257730+00:00", "symbol": "BTC-USD"}, {"trade_id": 849740824, "side": "buy", "size": "0.00000119", "price": "116823.37000000", "time": "2025-07-15T16:22:16.166145Z", "fetched_at": "2025-07-15T16:23:25.257730+00:00", "symbol": "BTC-USD"}, {"trade_id": 849740823, "side": "buy", "size": "0.00000350", "price": "116823.37000000", "time": "2025-07-15T16:22:16.166145Z", "fetched_at": "2025-07-15T16:23:25.257730+00:00", "symbol": "BTC-USD"}, {"trade_id": 849740822, "side": "buy", "size": "0.00004956", "price": "116823.37000000", "time": "2025-07-15T16:22:16.166145Z", "fetched_at": "2025-07-15T16:23:25.257730+00:00", "symbol": "BTC-USD"}, {"trade_id": 849740821, "side": "buy", "size": "0.00027301", "price": "116821.61000000", "time": "2025-07-15T16:22:16.033989Z", "fetched_at": "2025-07-15T16:23:25.257730+00:00", "symbol": "BTC-USD"}, {"trade_id": 849740820, "side": "buy", "size": "0.00009246", "price": "116823.37000000", "time": "2025-07-15T16:22:16.033989Z", "fetched_at": "2025-07-15T16:23:25.257730+00:00", "symbol": "BTC-USD"}, {"trade_id": 849740819, "side": "buy", "size": "0.00183716", "price": "116821.61000000", "time": "2025-07-15T16:22:16.026492Z", "fetched_at": "2025-07-15T16:23:25.257730+00:00", "symbol": "BTC-USD"}, {"trade_id": 849740818, "side": "buy", "size": "0.00004956", "price": "116823.36000000", "time": "2025-07-15T16:22:16.026492Z", "fetched_at": "2025-07-15T16:23:25.257730+00:00", "symbol": "BTC-USD"}, {"trade_id": 849740817, "side": "buy", "size": "0.00000368", "price": "116823.36000000", "time": "2025-07-15T16:22:16.026492Z", "fetched_at": "2025-07-15T16:23:25.257730+00:00", "symbol": "BTC-USD"}, {"trade_id": 849740816, "side": "buy", "size": "0.00000239", "price": "116823.36000000", "time": "2025-07-15T16:22:16.026492Z", "fetched_at": "2025-07-15T16:23:25.257730+00:00", "symbol": "BTC-USD"}, {"trade_id": 849740815, "side": "buy", "size": "0.00320086", "price": "116823.36000000", "time": "2025-07-15T16:22:16.026492Z", "fetched_at": "2025-07-15T16:23:25.257730+00:00", "symbol": "BTC-USD"}, {"trade_id": 849740814, "side": "buy", "size": "0.00009246", "price": "116823.37000000", "time": "2025-07-15T16:22:16.026492Z", "fetched_at": "2025-07-15T16:23:25.257730+00:00", "symbol": "BTC-USD"}, {"trade_id": 849740813, "side": "buy", "size": "0.00015420", "price": "116823.36000000", "time": "2025-07-15T16:22:14.177858Z", "fetched_at": "2025-07-15T16:23:25.257730+00:00", "symbol": "BTC-USD"}, {"trade_id": 849740812, "side": "buy", "size": "0.00001000", "price": "116823.36000000", "time": "2025-07-15T16:22:14.177858Z", "fetched_at": "2025-07-15T16:23:25.257730+00:00", "symbol": "BTC-USD"}, {"trade_id": 849740811, "side": "buy", "size": "0.00009246", "price": "116823.37000000", "time": "2025-07-15T16:22:14.177858Z", "fetched_at": "2025-07-15T16:23:25.257730+00:00", "symbol": "BTC-USD"}, {"trade_id": 849740810, "side": "sell", "size": "0.00974601", "price": "116828.49000000", "time": "2025-07-15T16:22:13.723651Z", "fetched_at": "2025-07-15T16:23:25.257730+00:00", "symbol": "BTC-USD"}, {"trade_id": 849740809, "side": "sell", "size": "0.08292170", "price": "116827.00000000", "time": "2025-07-15T16:22:13.347605Z", "fetched_at": "2025-07-15T16:23:25.257730+00:00", "symbol": "BTC-USD"}, {"trade_id": 849740808, "side": "sell", "size": "0.00196533", "price": "116826.99000000", "time": "2025-07-15T16:22:13.347605Z", "fetched_at": "2025-07-15T16:23:25.257730+00:00", "symbol": "BTC-USD"}, {"trade_id": 849740807, "side": "sell", "size": "0.00007158", "price": "116826.83000000", "time": "2025-07-15T16:22:13.347605Z", "fetched_at": "2025-07-15T16:23:25.257730+00:00", "symbol": "BTC-USD"}, {"trade_id": 849740806, "side": "sell", "size": "0.00005342", "price": "116826.82000000", "time": "2025-07-15T16:22:13.347605Z", "fetched_at": "2025-07-15T16:23:25.257730+00:00", "symbol": "BTC-USD"}, {"trade_id": 849740805, "side": "sell", "size": "0.00005212", "price": "116826.80000000", "time": "2025-07-15T16:22:13.347605Z", "fetched_at": "2025-07-15T16:23:25.257730+00:00", "symbol": "BTC-USD"}, {"trade_id": 849740804, "side": "sell", "size": "0.00004103", "price": "116826.03000000", "time": "2025-07-15T16:22:13.347605Z", "fetched_at": "2025-07-15T16:23:25.257730+00:00", "symbol": "BTC-USD"}, {"trade_id": 849740803, "side": "sell", "size": "0.00014821", "price": "116826.02000000", "time": "2025-07-15T16:22:13.196987Z", "fetched_at": "2025-07-15T16:23:25.257730+00:00", "symbol": "BTC-USD"}, {"trade_id": 849740802, "side": "sell", "size": "0.00005470", "price": "116826.02000000", "time": "2025-07-15T16:22:13.196987Z", "fetched_at": "2025-07-15T16:23:25.257730+00:00", "symbol": "BTC-USD"}, {"trade_id": 849740801, "side": "buy", "size": "0.00009245", "price": "116835.34000000", "time": "2025-07-15T16:22:12.612508Z", "fetched_at": "2025-07-15T16:23:25.257730+00:00", "symbol": "BTC-USD"}, {"trade_id": 849740800, "side": "buy", "size": "0.03271180", "price": "116826.20000000", "time": "2025-07-15T16:22:12.488038Z", "fetched_at": "2025-07-15T16:23:25.257730+00:00", "symbol": "BTC-USD"}, {"trade_id": 849740799, "side": "buy", "size": "0.00016759", "price": "116827.16000000", "time": "2025-07-15T16:22:12.488038Z", "fetched_at": "2025-07-15T16:23:25.257730+00:00", "symbol": "BTC-USD"}, {"trade_id": 849740798, "side": "buy", "size": "0.00001000", "price": "116832.12000000", "time": "2025-07-15T16:22:12.488038Z", "fetched_at": "2025-07-15T16:23:25.257730+00:00", "symbol": "BTC-USD"}, {"trade_id": 849740797, "side": "buy", "size": "0.00000239", "price": "116832.97000000", "time": "2025-07-15T16:22:12.488038Z", "fetched_at": "2025-07-15T16:23:25.257730+00:00", "symbol": "BTC-USD"}, {"trade_id": 849740796, "side": "buy", "size": "0.00004947", "price": "116833.07000000", "time": "2025-07-15T16:22:12.488038Z", "fetched_at": "2025-07-15T16:23:25.257730+00:00", "symbol": "BTC-USD"}, {"trade_id": 849740795, "side": "buy", "size": "0.01797877", "price": "116834.37000000", "time": "2025-07-15T16:22:12.488038Z", "fetched_at": "2025-07-15T16:23:25.257730+00:00", "symbol": "BTC-USD"}, {"trade_id": 849740794, "side": "buy", "size": "0.00046534", "price": "116835.10000000", "time": "2025-07-15T16:22:12.488038Z", "fetched_at": "2025-07-15T16:23:25.257730+00:00", "symbol": "BTC-USD"}, {"trade_id": 849740793, "side": "buy", "size": "0.06434065", "price": "116835.62000000", "time": "2025-07-15T16:22:12.488038Z", "fetched_at": "2025-07-15T16:23:25.257730+00:00", "symbol": "BTC-USD"}, {"trade_id": 849740792, "side": "buy", "size": "0.05000000", "price": "116845.16000000", "time": "2025-07-15T16:22:12.487535Z", "fetched_at": "2025-07-15T16:23:25.257730+00:00", "symbol": "BTC-USD"}, {"trade_id": 849740791, "side": "buy", "size": "0.05248957", "price": "116845.42000000", "time": "2025-07-15T16:22:12.487535Z", "fetched_at": "2025-07-15T16:23:25.257730+00:00", "symbol": "BTC-USD"}, {"trade_id": 849740790, "side": "buy", "size": "0.00009244", "price": "116845.43000000", "time": "2025-07-15T16:22:12.487535Z", "fetched_at": "2025-07-15T16:23:25.257730+00:00", "symbol": "BTC-USD"}, {"trade_id": 849740789, "side": "buy", "size": "0.00000350", "price": "116855.88000000", "time": "2025-07-15T16:22:12.482251Z", "fetched_at": "2025-07-15T16:23:25.257730+00:00", "symbol": "BTC-USD"}, {"trade_id": 849740788, "side": "sell", "size": "0.00169525", "price": "116855.89000000", "time": "2025-07-15T16:22:10.638155Z", "fetched_at": "2025-07-15T16:23:25.257730+00:00", "symbol": "BTC-USD"}, {"trade_id": 849740787, "side": "sell", "size": "0.00254173", "price": "116861.27000000", "time": "2025-07-15T16:22:09.877052Z", "fetched_at": "2025-07-15T16:23:25.257730+00:00", "symbol": "BTC-USD"}, {"trade_id": 849740786, "side": "buy", "size": "0.02194719", "price": "116854.36000000", "time": "2025-07-15T16:22:09.201500Z", "fetched_at": "2025-07-15T16:23:25.257730+00:00", "symbol": "BTC-USD"}, {"trade_id": 849740785, "side": "buy", "size": "0.00009244", "price": "116854.37000000", "time": "2025-07-15T16:22:09.201500Z", "fetched_at": "2025-07-15T16:23:25.257730+00:00", "symbol": "BTC-USD"}, {"trade_id": 849740784, "side": "buy", "size": "0.00000701", "price": "116855.88000000", "time": "2025-07-15T16:22:09.201500Z", "fetched_at": "2025-07-15T16:23:25.257730+00:00", "symbol": "BTC-USD"}, {"trade_id": 849740783, "side": "sell", "size": "0.00023306", "price": "116868.14000000", "time": "2025-07-15T16:22:09.062375Z", "fetched_at": "2025-07-15T16:23:25.257730+00:00", "symbol": "BTC-USD"}, {"trade_id": 849740782, "side": "sell", "size": "0.00001000", "price": "116867.16000000", "time": "2025-07-15T16:22:09.062375Z", "fetched_at": "2025-07-15T16:23:25.257730+00:00", "symbol": "BTC-USD"}, {"trade_id": 849740781, "side": "sell", "size": "0.00001034", "price": "116865.81000000", "time": "2025-07-15T16:22:09.062375Z", "fetched_at": "2025-07-15T16:23:25.257730+00:00", "symbol": "BTC-USD"}, {"trade_id": 849740780, "side": "sell", "size": "0.00006937", "price": "116865.30000000", "time": "2025-07-15T16:22:09.062375Z", "fetched_at": "2025-07-15T16:23:25.257730+00:00", "symbol": "BTC-USD"}, {"trade_id": 849740779, "side": "sell", "size": "0.00000205", "price": "116865.30000000", "time": "2025-07-15T16:22:09.062375Z", "fetched_at": "2025-07-15T16:23:25.257730+00:00", "symbol": "BTC-USD"}, {"trade_id": 849740778, "side": "buy", "size": "0.00000008", "price": "116855.93000000", "time": "2025-07-15T16:22:08.936315Z", "fetched_at": "2025-07-15T16:23:25.257730+00:00", "symbol": "BTC-USD"}, {"trade_id": 849740777, "side": "sell", "size": "0.00000008", "price": "116865.22000000", "time": "2025-07-15T16:22:08.930812Z", "fetched_at": "2025-07-15T16:23:25.257730+00:00", "symbol": "BTC-USD"}, {"trade_id": 849740776, "side": "sell", "size": "0.01358906", "price": "116865.26000000", "time": "2025-07-15T16:22:08.774086Z", "fetched_at": "2025-07-15T16:23:25.257730+00:00", "symbol": "BTC-USD"}, {"trade_id": 849740775, "side": "buy", "size": "0.00109981", "price": "116856.97000000", "time": "2025-07-15T16:22:08.246024Z", "fetched_at": "2025-07-15T16:23:25.257730+00:00", "symbol": "BTC-USD"}, {"trade_id": 849740774, "side": "buy", "size": "0.00002693", "price": "116856.97000000", "time": "2025-07-15T16:22:08.246024Z", "fetched_at": "2025-07-15T16:23:25.257730+00:00", "symbol": "BTC-USD"}, {"trade_id": 849740773, "side": "sell", "size": "0.00732659", "price": "116865.78000000", "time": "2025-07-15T16:22:07.719011Z", "fetched_at": "2025-07-15T16:23:25.257730+00:00", "symbol": "BTC-USD"}, {"trade_id": 849740772, "side": "sell", "size": "0.00023000", "price": "116865.80000000", "time": "2025-07-15T16:22:07.478798Z", "fetched_at": "2025-07-15T16:23:25.257730+00:00", "symbol": "BTC-USD"}, {"trade_id": 849740771, "side": "buy", "size": "0.00041000", "price": "116854.37000000", "time": "2025-07-15T16:22:07.366667Z", "fetched_at": "2025-07-15T16:23:25.257730+00:00", "symbol": "BTC-USD"}, {"trade_id": 849740770, "side": "sell", "size": "0.00855816", "price": "116847.57000000", "time": "2025-07-15T16:22:07.351125Z", "fetched_at": "2025-07-15T16:23:25.257730+00:00", "symbol": "BTC-USD"}, {"trade_id": 849740769, "side": "sell", "size": "0.00000231", "price": "116846.20000000", "time": "2025-07-15T16:22:07.351125Z", "fetched_at": "2025-07-15T16:23:25.257730+00:00", "symbol": "BTC-USD"}, {"trade_id": 849740768, "side": "sell", "size": "0.00006937", "price": "116845.97000000", "time": "2025-07-15T16:22:07.351125Z", "fetched_at": "2025-07-15T16:23:25.257730+00:00", "symbol": "BTC-USD"}, {"trade_id": 849740767, "side": "sell", "size": "0.00001403", "price": "116845.88000000", "time": "2025-07-15T16:22:07.351125Z", "fetched_at": "2025-07-15T16:23:25.257730+00:00", "symbol": "BTC-USD"}, {"trade_id": 849740766, "side": "sell", "size": "0.00001269", "price": "116845.76000000", "time": "2025-07-15T16:22:07.351125Z", "fetched_at": "2025-07-15T16:23:25.257730+00:00", "symbol": "BTC-USD"}, {"trade_id": 849740765, "side": "sell", "size": "0.00024876", "price": "116845.76000000", "time": "2025-07-15T16:22:07.351125Z", "fetched_at": "2025-07-15T16:23:25.257730+00:00", "symbol": "BTC-USD"}, {"trade_id": 849740764, "side": "sell", "size": "0.00076789", "price": "116845.53000000", "time": "2025-07-15T16:22:06.575778Z", "fetched_at": "2025-07-15T16:23:25.257730+00:00", "symbol": "BTC-USD"}, {"trade_id": 849740763, "side": "sell", "size": "0.00339106", "price": "116845.53000000", "time": "2025-07-15T16:22:06.575778Z", "fetched_at": "2025-07-15T16:23:25.257730+00:00", "symbol": "BTC-USD"}, {"trade_id": 849740762, "side": "sell", "size": "0.00081202", "price": "116845.76000000", "time": "2025-07-15T16:22:05.153671Z", "fetched_at": "2025-07-15T16:23:25.257730+00:00", "symbol": "BTC-USD"}, {"trade_id": 849740761, "side": "sell", "size": "0.00004060", "price": "116845.82000000", "time": "2025-07-15T16:22:04.730860Z", "fetched_at": "2025-07-15T16:23:25.257730+00:00", "symbol": "BTC-USD"}, {"trade_id": 849740760, "side": "sell", "size": "0.00020296", "price": "116845.87000000", "time": "2025-07-15T16:22:03.948665Z", "fetched_at": "2025-07-15T16:23:25.257730+00:00", "symbol": "BTC-USD"}, {"trade_id": 849740759, "side": "sell", "size": "0.00008310", "price": "116845.81000000", "time": "2025-07-15T16:22:03.187860Z", "fetched_at": "2025-07-15T16:23:25.257730+00:00", "symbol": "BTC-USD"}, {"trade_id": 849740758, "side": "sell", "size": "0.00469162", "price": "116845.85000000", "time": "2025-07-15T16:22:02.715173Z", "fetched_at": "2025-07-15T16:23:25.257730+00:00", "symbol": "BTC-USD"}, {"trade_id": 849740757, "side": "sell", "size": "0.00783102", "price": "116845.85000000", "time": "2025-07-15T16:22:02.715173Z", "fetched_at": "2025-07-15T16:23:25.257730+00:00", "symbol": "BTC-USD"}, {"trade_id": 849740756, "side": "sell", "size": "0.00004918", "price": "116845.85000000", "time": "2025-07-15T16:22:02.637119Z", "fetched_at": "2025-07-15T16:23:25.257730+00:00", "symbol": "BTC-USD"}, {"trade_id": 849740755, "side": "sell", "size": "0.00001449", "price": "116845.90000000", "time": "2025-07-15T16:22:02.332512Z", "fetched_at": "2025-07-15T16:23:25.257730+00:00", "symbol": "BTC-USD"}, {"trade_id": 849740754, "side": "buy", "size": "0.01994199", "price": "116827.17000000", "time": "2025-07-15T16:22:01.677198Z", "fetched_at": "2025-07-15T16:23:25.257730+00:00", "symbol": "BTC-USD"}, {"trade_id": 849740753, "side": "buy", "size": "0.00855936", "price": "116831.17000000", "time": "2025-07-15T16:22:01.677198Z", "fetched_at": "2025-07-15T16:23:25.257730+00:00", "symbol": "BTC-USD"}, {"trade_id": 849740752, "side": "buy", "size": "0.00298046", "price": "116832.92000000", "time": "2025-07-15T16:22:01.677198Z", "fetched_at": "2025-07-15T16:23:25.257730+00:00", "symbol": "BTC-USD"}, {"trade_id": 849740751, "side": "buy", "size": "0.00000111", "price": "116832.93000000", "time": "2025-07-15T16:22:01.677198Z", "fetched_at": "2025-07-15T16:23:25.257730+00:00", "symbol": "BTC-USD"}, {"trade_id": 849740750, "side": "buy", "size": "0.00346522", "price": "116832.97000000", "time": "2025-07-15T16:22:01.677198Z", "fetched_at": "2025-07-15T16:23:25.257730+00:00", "symbol": "BTC-USD"}, {"trade_id": 849740749, "side": "buy", "size": "0.00778900", "price": "116832.98000000", "time": "2025-07-15T16:22:01.677198Z", "fetched_at": "2025-07-15T16:23:25.257730+00:00", "symbol": "BTC-USD"}, {"trade_id": 849740748, "side": "buy", "size": "0.00009245", "price": "116832.98000000", "time": "2025-07-15T16:22:01.677198Z", "fetched_at": "2025-07-15T16:23:25.257730+00:00", "symbol": "BTC-USD"}, {"trade_id": 849740747, "side": "sell", "size": "0.00118655", "price": "116846.23000000", "time": "2025-07-15T16:22:00.825517Z", "fetched_at": "2025-07-15T16:23:25.257730+00:00", "symbol": "BTC-USD"}, {"trade_id": 849740746, "side": "buy", "size": "0.00001343", "price": "116834.72000000", "time": "2025-07-15T16:21:59.338203Z", "fetched_at": "2025-07-15T16:23:25.257730+00:00", "symbol": "BTC-USD"}, {"trade_id": 849740745, "side": "buy", "size": "0.00855915", "price": "116834.00000000", "time": "2025-07-15T16:21:59.314634Z", "fetched_at": "2025-07-15T16:23:25.257730+00:00", "symbol": "BTC-USD"}, {"trade_id": 849740744, "side": "buy", "size": "0.00004947", "price": "116835.75000000", "time": "2025-07-15T16:21:59.309164Z", "fetched_at": "2025-07-15T16:23:25.257730+00:00", "symbol": "BTC-USD"}, {"trade_id": 849740743, "side": "buy", "size": "0.00282227", "price": "116835.75000000", "time": "2025-07-15T16:21:59.309164Z", "fetched_at": "2025-07-15T16:23:25.257730+00:00", "symbol": "BTC-USD"}, {"trade_id": 849740742, "side": "buy", "size": "0.00778900", "price": "116835.85000000", "time": "2025-07-15T16:21:59.309164Z", "fetched_at": "2025-07-15T16:23:25.257730+00:00", "symbol": "BTC-USD"}, {"trade_id": 849740741, "side": "sell", "size": "0.00873702", "price": "116862.70000000", "time": "2025-07-15T16:21:59.268895Z", "fetched_at": "2025-07-15T16:23:25.257730+00:00", "symbol": "BTC-USD"}, {"trade_id": 849740740, "side": "sell", "size": "0.12683102", "price": "116862.69000000", "time": "2025-07-15T16:21:59.268895Z", "fetched_at": "2025-07-15T16:23:25.257730+00:00", "symbol": "BTC-USD"}, {"trade_id": 849740739, "side": "sell", "size": "0.01577489", "price": "116862.68000000", "time": "2025-07-15T16:21:59.268895Z", "fetched_at": "2025-07-15T16:23:25.257730+00:00", "symbol": "BTC-USD"}, {"trade_id": 849740738, "side": "sell", "size": "0.00001284", "price": "116861.90000000", "time": "2025-07-15T16:21:59.268895Z", "fetched_at": "2025-07-15T16:23:25.257730+00:00", "symbol": "BTC-USD"}, {"trade_id": 849740737, "side": "sell", "size": "0.00001000", "price": "116858.40000000", "time": "2025-07-15T16:21:59.268895Z", "fetched_at": "2025-07-15T16:23:25.257730+00:00", "symbol": "BTC-USD"}, {"trade_id": 849740736, "side": "sell", "size": "0.01810827", "price": "116854.18000000", "time": "2025-07-15T16:21:59.268895Z", "fetched_at": "2025-07-15T16:23:25.257730+00:00", "symbol": "BTC-USD"}, {"trade_id": 849740735, "side": "sell", "size": "0.00855786", "price": "116851.62000000", "time": "2025-07-15T16:21:59.268895Z", "fetched_at": "2025-07-15T16:23:25.257730+00:00", "symbol": "BTC-USD"}, {"trade_id": 849740734, "side": "sell", "size": "0.00015048", "price": "116849.83000000", "time": "2025-07-15T16:21:59.268895Z", "fetched_at": "2025-07-15T16:23:25.257730+00:00", "symbol": "BTC-USD"}, {"trade_id": 849740733, "side": "sell", "size": "0.13230000", "price": "116849.82000000", "time": "2025-07-15T16:21:59.268895Z", "fetched_at": "2025-07-15T16:23:25.257730+00:00", "symbol": "BTC-USD"}, {"trade_id": 849740732, "side": "sell", "size": "0.02612085", "price": "116849.82000000", "time": "2025-07-15T16:21:59.268895Z", "fetched_at": "2025-07-15T16:23:25.257730+00:00", "symbol": "BTC-USD"}, {"trade_id": 849740731, "side": "sell", "size": "0.00008262", "price": "116849.87000000", "time": "2025-07-15T16:21:58.710905Z", "fetched_at": "2025-07-15T16:23:25.257730+00:00", "symbol": "BTC-USD"}, {"trade_id": 849740730, "side": "sell", "size": "0.00041597", "price": "116849.94000000", "time": "2025-07-15T16:21:58.448885Z", "fetched_at": "2025-07-15T16:23:25.257730+00:00", "symbol": "BTC-USD"}, {"trade_id": 849740729, "side": "sell", "size": "0.00041590", "price": "116849.95000000", "time": "2025-07-15T16:21:58.341723Z", "fetched_at": "2025-07-15T16:23:25.257730+00:00", "symbol": "BTC-USD"}, {"trade_id": 849740728, "side": "sell", "size": "0.00010000", "price": "116849.95000000", "time": "2025-07-15T16:21:58.329241Z", "fetched_at": "2025-07-15T16:23:25.257730+00:00", "symbol": "BTC-USD"}, {"trade_id": 849740727, "side": "sell", "size": "0.00720923", "price": "116849.99000000", "time": "2025-07-15T16:21:58.156246Z", "fetched_at": "2025-07-15T16:23:25.257730+00:00", "symbol": "BTC-USD"}, {"trade_id": 849740726, "side": "sell", "size": "0.00001000", "price": "116849.64000000", "time": "2025-07-15T16:21:58.156246Z", "fetched_at": "2025-07-15T16:23:25.257730+00:00", "symbol": "BTC-USD"}, {"trade_id": 849740725, "side": "sell", "size": "0.00027355", "price": "116840.88000000", "time": "2025-07-15T16:21:58.156246Z", "fetched_at": "2025-07-15T16:23:25.257730+00:00", "symbol": "BTC-USD"}, {"trade_id": 849740724, "side": "sell", "size": "0.00006936", "price": "116840.88000000", "time": "2025-07-15T16:21:58.156246Z", "fetched_at": "2025-07-15T16:23:25.257730+00:00", "symbol": "BTC-USD"}, {"trade_id": 849740723, "side": "sell", "size": "0.00000786", "price": "116840.88000000", "time": "2025-07-15T16:21:58.156246Z", "fetched_at": "2025-07-15T16:23:25.257730+00:00", "symbol": "BTC-USD"}, {"trade_id": 849740722, "side": "sell", "size": "0.00000214", "price": "116840.88000000", "time": "2025-07-15T16:21:57.934198Z", "fetched_at": "2025-07-15T16:23:25.257730+00:00", "symbol": "BTC-USD"}, {"trade_id": 849740721, "side": "sell", "size": "0.00831792", "price": "116838.00000000", "time": "2025-07-15T16:21:57.577994Z", "fetched_at": "2025-07-15T16:23:25.257730+00:00", "symbol": "BTC-USD"}, {"trade_id": 849740720, "side": "sell", "size": "0.00103974", "price": "116822.84000000", "time": "2025-07-15T16:21:56.466532Z", "fetched_at": "2025-07-15T16:23:25.257730+00:00", "symbol": "BTC-USD"}, {"trade_id": 849740719, "side": "sell", "size": "0.00211117", "price": "116822.86000000", "time": "2025-07-15T16:21:55.784123Z", "fetched_at": "2025-07-15T16:23:25.257730+00:00", "symbol": "BTC-USD"}, {"trade_id": 849740718, "side": "sell", "size": "0.00000042", "price": "116822.86000000", "time": "2025-07-15T16:21:55.784123Z", "fetched_at": "2025-07-15T16:23:25.257730+00:00", "symbol": "BTC-USD"}, {"trade_id": 849740717, "side": "sell", "size": "0.00000663", "price": "116822.86000000", "time": "2025-07-15T16:21:55.784123Z", "fetched_at": "2025-07-15T16:23:25.257730+00:00", "symbol": "BTC-USD"}, {"trade_id": 849740716, "side": "sell", "size": "0.00000026", "price": "116822.86000000", "time": "2025-07-15T16:21:55.784123Z", "fetched_at": "2025-07-15T16:23:25.257730+00:00", "symbol": "BTC-USD"}, {"trade_id": 849740715, "side": "sell", "size": "0.00041597", "price": "116822.87000000", "time": "2025-07-15T16:21:55.645555Z", "fetched_at": "2025-07-15T16:23:25.257730+00:00", "symbol": "BTC-USD"}, {"trade_id": 849740714, "side": "sell", "size": "0.05986944", "price": "116837.85000000", "time": "2025-07-15T16:21:55.628763Z", "fetched_at": "2025-07-15T16:23:25.257730+00:00", "symbol": "BTC-USD"}, {"trade_id": 849740713, "side": "sell", "size": "0.12665974", "price": "116837.84000000", "time": "2025-07-15T16:21:55.628763Z", "fetched_at": "2025-07-15T16:23:25.257730+00:00", "symbol": "BTC-USD"}