[{"trade_id": 139192949, "side": "buy", "size": "90.00000000", "price": "0.19819000", "time": "2025-07-16T00:10:43.975328Z", "fetched_at": "2025-07-16T00:10:50.976200+00:00", "symbol": "DOGE-USD"}, {"trade_id": 139192948, "side": "buy", "size": "202.40000000", "price": "0.19820000", "time": "2025-07-16T00:10:41.385658Z", "fetched_at": "2025-07-16T00:10:50.976200+00:00", "symbol": "DOGE-USD"}, {"trade_id": 139192947, "side": "buy", "size": "625.60000000", "price": "0.19820000", "time": "2025-07-16T00:10:41.374745Z", "fetched_at": "2025-07-16T00:10:50.976200+00:00", "symbol": "DOGE-USD"}, {"trade_id": 139192946, "side": "buy", "size": "6.60000000", "price": "0.19820000", "time": "2025-07-16T00:10:41.374745Z", "fetched_at": "2025-07-16T00:10:50.976200+00:00", "symbol": "DOGE-USD"}, {"trade_id": 139192945, "side": "sell", "size": "800.00000000", "price": "0.19821000", "time": "2025-07-16T00:10:39.148447Z", "fetched_at": "2025-07-16T00:10:50.976200+00:00", "symbol": "DOGE-USD"}, {"trade_id": 139192944, "side": "buy", "size": "1428.10000000", "price": "0.19816000", "time": "2025-07-16T00:10:35.734423Z", "fetched_at": "2025-07-16T00:10:50.976200+00:00", "symbol": "DOGE-USD"}, {"trade_id": 139192943, "side": "buy", "size": "1064.30000000", "price": "0.19816000", "time": "2025-07-16T00:10:32.482258Z", "fetched_at": "2025-07-16T00:10:50.976200+00:00", "symbol": "DOGE-USD"}, {"trade_id": 139192942, "side": "buy", "size": "6762.50000000", "price": "0.19816000", "time": "2025-07-16T00:10:29.495591Z", "fetched_at": "2025-07-16T00:10:50.976200+00:00", "symbol": "DOGE-USD"}, {"trade_id": 139192941, "side": "buy", "size": "5.60000000", "price": "0.19816000", "time": "2025-07-16T00:10:29.495591Z", "fetched_at": "2025-07-16T00:10:50.976200+00:00", "symbol": "DOGE-USD"}, {"trade_id": 139192940, "side": "buy", "size": "1556.40000000", "price": "0.19817000", "time": "2025-07-16T00:10:29.495591Z", "fetched_at": "2025-07-16T00:10:50.976200+00:00", "symbol": "DOGE-USD"}, {"trade_id": 139192939, "side": "buy", "size": "700.00000000", "price": "0.19818000", "time": "2025-07-16T00:10:29.495591Z", "fetched_at": "2025-07-16T00:10:50.976200+00:00", "symbol": "DOGE-USD"}, {"trade_id": 139192938, "side": "buy", "size": "5.60000000", "price": "0.19818000", "time": "2025-07-16T00:10:29.495591Z", "fetched_at": "2025-07-16T00:10:50.976200+00:00", "symbol": "DOGE-USD"}, {"trade_id": 139192937, "side": "buy", "size": "995.90000000", "price": "0.19820000", "time": "2025-07-16T00:10:29.495591Z", "fetched_at": "2025-07-16T00:10:50.976200+00:00", "symbol": "DOGE-USD"}, {"trade_id": 139192936, "side": "buy", "size": "5.60000000", "price": "0.19820000", "time": "2025-07-16T00:10:29.495591Z", "fetched_at": "2025-07-16T00:10:50.976200+00:00", "symbol": "DOGE-USD"}, {"trade_id": 139192935, "side": "buy", "size": "1338.40000000", "price": "0.19822000", "time": "2025-07-16T00:10:27.356816Z", "fetched_at": "2025-07-16T00:10:50.976200+00:00", "symbol": "DOGE-USD"}, {"trade_id": 139192934, "side": "buy", "size": "5.60000000", "price": "0.19822000", "time": "2025-07-16T00:10:27.356816Z", "fetched_at": "2025-07-16T00:10:50.976200+00:00", "symbol": "DOGE-USD"}, {"trade_id": 139192933, "side": "buy", "size": "5.60000000", "price": "0.19824000", "time": "2025-07-16T00:10:26.671851Z", "fetched_at": "2025-07-16T00:10:50.976200+00:00", "symbol": "DOGE-USD"}, {"trade_id": 139192932, "side": "buy", "size": "5.60000000", "price": "0.19826000", "time": "2025-07-16T00:10:26.631229Z", "fetched_at": "2025-07-16T00:10:50.976200+00:00", "symbol": "DOGE-USD"}, {"trade_id": 139192931, "side": "buy", "size": "5.60000000", "price": "0.19828000", "time": "2025-07-16T00:10:26.544059Z", "fetched_at": "2025-07-16T00:10:50.976200+00:00", "symbol": "DOGE-USD"}, {"trade_id": 139192930, "side": "buy", "size": "691.70000000", "price": "0.19830000", "time": "2025-07-16T00:10:26.446621Z", "fetched_at": "2025-07-16T00:10:50.976200+00:00", "symbol": "DOGE-USD"}, {"trade_id": 139192929, "side": "buy", "size": "784.10000000", "price": "0.19830000", "time": "2025-07-16T00:10:24.545263Z", "fetched_at": "2025-07-16T00:10:50.976200+00:00", "symbol": "DOGE-USD"}, {"trade_id": 139192928, "side": "buy", "size": "5.60000000", "price": "0.19830000", "time": "2025-07-16T00:10:24.545263Z", "fetched_at": "2025-07-16T00:10:50.976200+00:00", "symbol": "DOGE-USD"}, {"trade_id": 139192927, "side": "buy", "size": "5.60000000", "price": "0.19832000", "time": "2025-07-16T00:10:23.285602Z", "fetched_at": "2025-07-16T00:10:50.976200+00:00", "symbol": "DOGE-USD"}, {"trade_id": 139192926, "side": "buy", "size": "1699.40000000", "price": "0.19832000", "time": "2025-07-16T00:10:23.285602Z", "fetched_at": "2025-07-16T00:10:50.976200+00:00", "symbol": "DOGE-USD"}, {"trade_id": 139192925, "side": "buy", "size": "140.00000000", "price": "0.19833000", "time": "2025-07-16T00:10:23.285602Z", "fetched_at": "2025-07-16T00:10:50.976200+00:00", "symbol": "DOGE-USD"}, {"trade_id": 139192924, "side": "buy", "size": "364.50000000", "price": "0.19832000", "time": "2025-07-16T00:10:22.595489Z", "fetched_at": "2025-07-16T00:10:50.976200+00:00", "symbol": "DOGE-USD"}, {"trade_id": 139192923, "side": "buy", "size": "1362.50000000", "price": "0.19832000", "time": "2025-07-16T00:10:22.595489Z", "fetched_at": "2025-07-16T00:10:50.976200+00:00", "symbol": "DOGE-USD"}, {"trade_id": 139192922, "side": "buy", "size": "1593.00000000", "price": "0.19832000", "time": "2025-07-16T00:10:22.595489Z", "fetched_at": "2025-07-16T00:10:50.976200+00:00", "symbol": "DOGE-USD"}, {"trade_id": 139192921, "side": "buy", "size": "1604.10000000", "price": "0.19834000", "time": "2025-07-16T00:10:22.595489Z", "fetched_at": "2025-07-16T00:10:50.976200+00:00", "symbol": "DOGE-USD"}, {"trade_id": 139192920, "side": "buy", "size": "168.30000000", "price": "0.19834000", "time": "2025-07-16T00:10:22.595489Z", "fetched_at": "2025-07-16T00:10:50.976200+00:00", "symbol": "DOGE-USD"}, {"trade_id": 139192919, "side": "buy", "size": "540.30000000", "price": "0.19835000", "time": "2025-07-16T00:10:22.116777Z", "fetched_at": "2025-07-16T00:10:50.976200+00:00", "symbol": "DOGE-USD"}, {"trade_id": 139192918, "side": "buy", "size": "1711.40000000", "price": "0.19835000", "time": "2025-07-16T00:10:22.116777Z", "fetched_at": "2025-07-16T00:10:50.976200+00:00", "symbol": "DOGE-USD"}, {"trade_id": 139192917, "side": "buy", "size": "25.30000000", "price": "0.19835000", "time": "2025-07-16T00:10:22.116777Z", "fetched_at": "2025-07-16T00:10:50.976200+00:00", "symbol": "DOGE-USD"}, {"trade_id": 139192916, "side": "buy", "size": "244.90000000", "price": "0.19835000", "time": "2025-07-16T00:10:22.116777Z", "fetched_at": "2025-07-16T00:10:50.976200+00:00", "symbol": "DOGE-USD"}, {"trade_id": 139192915, "side": "sell", "size": "472.70000000", "price": "0.19836000", "time": "2025-07-16T00:10:20.512522Z", "fetched_at": "2025-07-16T00:10:50.976200+00:00", "symbol": "DOGE-USD"}, {"trade_id": 139192914, "side": "sell", "size": "5.60000000", "price": "0.19836000", "time": "2025-07-16T00:10:20.512522Z", "fetched_at": "2025-07-16T00:10:50.976200+00:00", "symbol": "DOGE-USD"}, {"trade_id": 139192913, "side": "buy", "size": "106.60000000", "price": "0.19835000", "time": "2025-07-16T00:10:19.954404Z", "fetched_at": "2025-07-16T00:10:50.976200+00:00", "symbol": "DOGE-USD"}, {"trade_id": 139192912, "side": "buy", "size": "2.40000000", "price": "0.19835000", "time": "2025-07-16T00:10:17.289311Z", "fetched_at": "2025-07-16T00:10:50.976200+00:00", "symbol": "DOGE-USD"}, {"trade_id": 139192911, "side": "buy", "size": "701.00000000", "price": "0.19834000", "time": "2025-07-16T00:10:12.371769Z", "fetched_at": "2025-07-16T00:10:50.976200+00:00", "symbol": "DOGE-USD"}, {"trade_id": 139192910, "side": "buy", "size": "4641.20000000", "price": "0.19830000", "time": "2025-07-16T00:10:06.604017Z", "fetched_at": "2025-07-16T00:10:50.976200+00:00", "symbol": "DOGE-USD"}, {"trade_id": 139192909, "side": "buy", "size": "5.60000000", "price": "0.19830000", "time": "2025-07-16T00:10:06.604017Z", "fetched_at": "2025-07-16T00:10:50.976200+00:00", "symbol": "DOGE-USD"}, {"trade_id": 139192908, "side": "buy", "size": "5.60000000", "price": "0.19832000", "time": "2025-07-16T00:10:05.900253Z", "fetched_at": "2025-07-16T00:10:50.976200+00:00", "symbol": "DOGE-USD"}, {"trade_id": 139192907, "side": "buy", "size": "1955.30000000", "price": "0.19833000", "time": "2025-07-16T00:10:05.898596Z", "fetched_at": "2025-07-16T00:10:50.976200+00:00", "symbol": "DOGE-USD"}, {"trade_id": 139192906, "side": "sell", "size": "20.20000000", "price": "0.19833000", "time": "2025-07-16T00:09:53.457801Z", "fetched_at": "2025-07-16T00:10:50.976200+00:00", "symbol": "DOGE-USD"}, {"trade_id": 139192905, "side": "sell", "size": "321.40000000", "price": "0.19833000", "time": "2025-07-16T00:09:53.274872Z", "fetched_at": "2025-07-16T00:10:50.976200+00:00", "symbol": "DOGE-USD"}, {"trade_id": 139192904, "side": "buy", "size": "363.40000000", "price": "0.19833000", "time": "2025-07-16T00:09:46.984560Z", "fetched_at": "2025-07-16T00:10:50.976200+00:00", "symbol": "DOGE-USD"}, {"trade_id": 139192903, "side": "buy", "size": "700.00000000", "price": "0.19834000", "time": "2025-07-16T00:09:46.984560Z", "fetched_at": "2025-07-16T00:10:50.976200+00:00", "symbol": "DOGE-USD"}, {"trade_id": 139192902, "side": "buy", "size": "1368.40000000", "price": "0.19834000", "time": "2025-07-16T00:09:46.984560Z", "fetched_at": "2025-07-16T00:10:50.976200+00:00", "symbol": "DOGE-USD"}, {"trade_id": 139192901, "side": "buy", "size": "5.60000000", "price": "0.19834000", "time": "2025-07-16T00:09:46.984560Z", "fetched_at": "2025-07-16T00:10:50.976200+00:00", "symbol": "DOGE-USD"}, {"trade_id": 139192900, "side": "sell", "size": "311.40000000", "price": "0.19835000", "time": "2025-07-16T00:09:46.683110Z", "fetched_at": "2025-07-16T00:10:50.976200+00:00", "symbol": "DOGE-USD"}, {"trade_id": 139192899, "side": "sell", "size": "693.40000000", "price": "0.19835000", "time": "2025-07-16T00:09:46.683110Z", "fetched_at": "2025-07-16T00:10:50.976200+00:00", "symbol": "DOGE-USD"}, {"trade_id": 139192898, "side": "sell", "size": "336.60000000", "price": "0.19835000", "time": "2025-07-16T00:09:46.683110Z", "fetched_at": "2025-07-16T00:10:50.976200+00:00", "symbol": "DOGE-USD"}, {"trade_id": 139192897, "side": "sell", "size": "362.60000000", "price": "0.19835000", "time": "2025-07-16T00:09:46.683110Z", "fetched_at": "2025-07-16T00:10:50.976200+00:00", "symbol": "DOGE-USD"}, {"trade_id": 139192896, "side": "sell", "size": "443.10000000", "price": "0.19835000", "time": "2025-07-16T00:09:46.683110Z", "fetched_at": "2025-07-16T00:10:50.976200+00:00", "symbol": "DOGE-USD"}, {"trade_id": 139192895, "side": "buy", "size": "889.90000000", "price": "0.19835000", "time": "2025-07-16T00:09:46.578131Z", "fetched_at": "2025-07-16T00:10:50.976200+00:00", "symbol": "DOGE-USD"}, {"trade_id": 139192894, "side": "buy", "size": "889.90000000", "price": "0.19835000", "time": "2025-07-16T00:09:46.578131Z", "fetched_at": "2025-07-16T00:10:50.976200+00:00", "symbol": "DOGE-USD"}, {"trade_id": 139192893, "side": "buy", "size": "348.10000000", "price": "0.19835000", "time": "2025-07-16T00:09:44.786022Z", "fetched_at": "2025-07-16T00:10:50.976200+00:00", "symbol": "DOGE-USD"}, {"trade_id": 139192892, "side": "buy", "size": "2556.90000000", "price": "0.19837000", "time": "2025-07-16T00:09:38.803521Z", "fetched_at": "2025-07-16T00:10:50.976200+00:00", "symbol": "DOGE-USD"}, {"trade_id": 139192891, "side": "buy", "size": "70.20000000", "price": "0.19837000", "time": "2025-07-16T00:09:38.803521Z", "fetched_at": "2025-07-16T00:10:50.976200+00:00", "symbol": "DOGE-USD"}, {"trade_id": 139192890, "side": "sell", "size": "42.20000000", "price": "0.19839000", "time": "2025-07-16T00:09:37.920303Z", "fetched_at": "2025-07-16T00:10:50.976200+00:00", "symbol": "DOGE-USD"}, {"trade_id": 139192889, "side": "sell", "size": "5.60000000", "price": "0.19838000", "time": "2025-07-16T00:09:37.920303Z", "fetched_at": "2025-07-16T00:10:50.976200+00:00", "symbol": "DOGE-USD"}, {"trade_id": 139192888, "side": "sell", "size": "5.60000000", "price": "0.19836000", "time": "2025-07-16T00:09:36.901499Z", "fetched_at": "2025-07-16T00:10:50.976200+00:00", "symbol": "DOGE-USD"}, {"trade_id": 139192887, "side": "sell", "size": "5.60000000", "price": "0.19834000", "time": "2025-07-16T00:09:36.841605Z", "fetched_at": "2025-07-16T00:10:50.976200+00:00", "symbol": "DOGE-USD"}, {"trade_id": 139192886, "side": "buy", "size": "713.10000000", "price": "0.19830000", "time": "2025-07-16T00:09:36.111322Z", "fetched_at": "2025-07-16T00:10:50.976200+00:00", "symbol": "DOGE-USD"}, {"trade_id": 139192885, "side": "buy", "size": "351.30000000", "price": "0.19831000", "time": "2025-07-16T00:09:36.111322Z", "fetched_at": "2025-07-16T00:10:50.976200+00:00", "symbol": "DOGE-USD"}, {"trade_id": 139192884, "side": "buy", "size": "260.70000000", "price": "0.19830000", "time": "2025-07-16T00:09:35.734909Z", "fetched_at": "2025-07-16T00:10:50.976200+00:00", "symbol": "DOGE-USD"}, {"trade_id": 139192883, "side": "buy", "size": "3043.40000000", "price": "0.19833000", "time": "2025-07-16T00:09:35.734909Z", "fetched_at": "2025-07-16T00:10:50.976200+00:00", "symbol": "DOGE-USD"}, {"trade_id": 139192882, "side": "buy", "size": "70.20000000", "price": "0.19833000", "time": "2025-07-16T00:09:35.734909Z", "fetched_at": "2025-07-16T00:10:50.976200+00:00", "symbol": "DOGE-USD"}, {"trade_id": 139192881, "side": "sell", "size": "7.40000000", "price": "0.19827000", "time": "2025-07-16T00:09:31.149185Z", "fetched_at": "2025-07-16T00:10:50.976200+00:00", "symbol": "DOGE-USD"}, {"trade_id": 139192880, "side": "buy", "size": "3638.50000000", "price": "0.19828000", "time": "2025-07-16T00:09:31.021448Z", "fetched_at": "2025-07-16T00:10:50.976200+00:00", "symbol": "DOGE-USD"}, {"trade_id": 139192879, "side": "buy", "size": "5.60000000", "price": "0.19828000", "time": "2025-07-16T00:09:31.021448Z", "fetched_at": "2025-07-16T00:10:50.976200+00:00", "symbol": "DOGE-USD"}, {"trade_id": 139192878, "side": "buy", "size": "4301.30000000", "price": "0.19830000", "time": "2025-07-16T00:09:29.828984Z", "fetched_at": "2025-07-16T00:10:50.976200+00:00", "symbol": "DOGE-USD"}, {"trade_id": 139192877, "side": "buy", "size": "6.60000000", "price": "0.19830000", "time": "2025-07-16T00:09:29.828984Z", "fetched_at": "2025-07-16T00:10:50.976200+00:00", "symbol": "DOGE-USD"}, {"trade_id": 139192876, "side": "sell", "size": "73.40000000", "price": "0.19831000", "time": "2025-07-16T00:09:29.189827Z", "fetched_at": "2025-07-16T00:10:50.976200+00:00", "symbol": "DOGE-USD"}, {"trade_id": 139192875, "side": "sell", "size": "25301.70000000", "price": "0.19840000", "time": "2025-07-16T00:09:25.927280Z", "fetched_at": "2025-07-16T00:10:50.976200+00:00", "symbol": "DOGE-USD"}, {"trade_id": 139192874, "side": "sell", "size": "2000.00000000", "price": "0.19840000", "time": "2025-07-16T00:09:25.927280Z", "fetched_at": "2025-07-16T00:10:50.976200+00:00", "symbol": "DOGE-USD"}, {"trade_id": 139192873, "side": "sell", "size": "5.60000000", "price": "0.19840000", "time": "2025-07-16T00:09:25.927280Z", "fetched_at": "2025-07-16T00:10:50.976200+00:00", "symbol": "DOGE-USD"}, {"trade_id": 139192872, "side": "sell", "size": "6891.20000000", "price": "0.19840000", "time": "2025-07-16T00:09:25.927280Z", "fetched_at": "2025-07-16T00:10:50.976200+00:00", "symbol": "DOGE-USD"}, {"trade_id": 139192871, "side": "sell", "size": "6891.20000000", "price": "0.19839000", "time": "2025-07-16T00:09:25.927280Z", "fetched_at": "2025-07-16T00:10:50.976200+00:00", "symbol": "DOGE-USD"}, {"trade_id": 139192870, "side": "sell", "size": "6892.70000000", "price": "0.19838000", "time": "2025-07-16T00:09:25.927280Z", "fetched_at": "2025-07-16T00:10:50.976200+00:00", "symbol": "DOGE-USD"}, {"trade_id": 139192869, "side": "sell", "size": "1593.00000000", "price": "0.19838000", "time": "2025-07-16T00:09:25.927280Z", "fetched_at": "2025-07-16T00:10:50.976200+00:00", "symbol": "DOGE-USD"}, {"trade_id": 139192868, "side": "sell", "size": "2500.00000000", "price": "0.19837000", "time": "2025-07-16T00:09:25.927280Z", "fetched_at": "2025-07-16T00:10:50.976200+00:00", "symbol": "DOGE-USD"}, {"trade_id": 139192867, "side": "sell", "size": "6892.70000000", "price": "0.19837000", "time": "2025-07-16T00:09:25.927280Z", "fetched_at": "2025-07-16T00:10:50.976200+00:00", "symbol": "DOGE-USD"}, {"trade_id": 139192866, "side": "sell", "size": "18250.10000000", "price": "0.19836000", "time": "2025-07-16T00:09:25.927280Z", "fetched_at": "2025-07-16T00:10:50.976200+00:00", "symbol": "DOGE-USD"}, {"trade_id": 139192865, "side": "sell", "size": "6892.90000000", "price": "0.19836000", "time": "2025-07-16T00:09:25.927280Z", "fetched_at": "2025-07-16T00:10:50.976200+00:00", "symbol": "DOGE-USD"}, {"trade_id": 139192864, "side": "sell", "size": "1593.00000000", "price": "0.19836000", "time": "2025-07-16T00:09:25.927280Z", "fetched_at": "2025-07-16T00:10:50.976200+00:00", "symbol": "DOGE-USD"}, {"trade_id": 139192863, "side": "sell", "size": "2524.80000000", "price": "0.19835000", "time": "2025-07-16T00:09:25.927280Z", "fetched_at": "2025-07-16T00:10:50.976200+00:00", "symbol": "DOGE-USD"}, {"trade_id": 139192862, "side": "sell", "size": "26190.40000000", "price": "0.19835000", "time": "2025-07-16T00:09:25.927280Z", "fetched_at": "2025-07-16T00:10:50.976200+00:00", "symbol": "DOGE-USD"}, {"trade_id": 139192861, "side": "sell", "size": "1441.50000000", "price": "0.19835000", "time": "2025-07-16T00:09:25.927280Z", "fetched_at": "2025-07-16T00:10:50.976200+00:00", "symbol": "DOGE-USD"}, {"trade_id": 139192860, "side": "sell", "size": "6893.20000000", "price": "0.19835000", "time": "2025-07-16T00:09:25.927280Z", "fetched_at": "2025-07-16T00:10:50.976200+00:00", "symbol": "DOGE-USD"}, {"trade_id": 139192859, "side": "sell", "size": "6893.20000000", "price": "0.19834000", "time": "2025-07-16T00:09:25.927280Z", "fetched_at": "2025-07-16T00:10:50.976200+00:00", "symbol": "DOGE-USD"}, {"trade_id": 139192858, "side": "sell", "size": "1593.00000000", "price": "0.19834000", "time": "2025-07-16T00:09:25.927280Z", "fetched_at": "2025-07-16T00:10:50.976200+00:00", "symbol": "DOGE-USD"}, {"trade_id": 139192857, "side": "sell", "size": "1532.80000000", "price": "0.19832000", "time": "2025-07-16T00:09:25.927280Z", "fetched_at": "2025-07-16T00:10:50.976200+00:00", "symbol": "DOGE-USD"}, {"trade_id": 139192856, "side": "sell", "size": "888.40000000", "price": "0.19831000", "time": "2025-07-16T00:09:25.927280Z", "fetched_at": "2025-07-16T00:10:50.976200+00:00", "symbol": "DOGE-USD"}, {"trade_id": 139192855, "side": "sell", "size": "1841.80000000", "price": "0.19831000", "time": "2025-07-16T00:09:25.927280Z", "fetched_at": "2025-07-16T00:10:50.976200+00:00", "symbol": "DOGE-USD"}, {"trade_id": 139192854, "side": "sell", "size": "1316.40000000", "price": "0.19831000", "time": "2025-07-16T00:09:25.927280Z", "fetched_at": "2025-07-16T00:10:50.976200+00:00", "symbol": "DOGE-USD"}, {"trade_id": 139192853, "side": "sell", "size": "1593.00000000", "price": "0.19831000", "time": "2025-07-16T00:09:25.927280Z", "fetched_at": "2025-07-16T00:10:50.976200+00:00", "symbol": "DOGE-USD"}, {"trade_id": 139192852, "side": "sell", "size": "700.00000000", "price": "0.19830000", "time": "2025-07-16T00:09:25.927280Z", "fetched_at": "2025-07-16T00:10:50.976200+00:00", "symbol": "DOGE-USD"}, {"trade_id": 139192851, "side": "sell", "size": "1478.40000000", "price": "0.19829000", "time": "2025-07-16T00:09:25.927280Z", "fetched_at": "2025-07-16T00:10:50.976200+00:00", "symbol": "DOGE-USD"}, {"trade_id": 139192850, "side": "buy", "size": "1376.40000000", "price": "0.19830000", "time": "2025-07-16T00:09:21.998503Z", "fetched_at": "2025-07-16T00:10:50.976200+00:00", "symbol": "DOGE-USD"}, {"trade_id": 139192849, "side": "buy", "size": "5.60000000", "price": "0.19830000", "time": "2025-07-16T00:09:21.998503Z", "fetched_at": "2025-07-16T00:10:50.976200+00:00", "symbol": "DOGE-USD"}, {"trade_id": 139192848, "side": "buy", "size": "1604.60000000", "price": "0.19831000", "time": "2025-07-16T00:09:21.998503Z", "fetched_at": "2025-07-16T00:10:50.976200+00:00", "symbol": "DOGE-USD"}, {"trade_id": 139192847, "side": "buy", "size": "700.00000000", "price": "0.19832000", "time": "2025-07-16T00:09:21.998503Z", "fetched_at": "2025-07-16T00:10:50.976200+00:00", "symbol": "DOGE-USD"}, {"trade_id": 139192846, "side": "buy", "size": "1349.10000000", "price": "0.19832000", "time": "2025-07-16T00:09:21.998503Z", "fetched_at": "2025-07-16T00:10:50.976200+00:00", "symbol": "DOGE-USD"}, {"trade_id": 139192845, "side": "buy", "size": "5.60000000", "price": "0.19832000", "time": "2025-07-16T00:09:21.998503Z", "fetched_at": "2025-07-16T00:10:50.976200+00:00", "symbol": "DOGE-USD"}, {"trade_id": 139192844, "side": "sell", "size": "123.40000000", "price": "0.19835000", "time": "2025-07-16T00:09:21.086981Z", "fetched_at": "2025-07-16T00:10:50.976200+00:00", "symbol": "DOGE-USD"}, {"trade_id": 139192843, "side": "buy", "size": "1016.10000000", "price": "0.19834000", "time": "2025-07-16T00:09:19.228868Z", "fetched_at": "2025-07-16T00:10:50.976200+00:00", "symbol": "DOGE-USD"}, {"trade_id": 139192842, "side": "buy", "size": "6.60000000", "price": "0.19834000", "time": "2025-07-16T00:09:19.228868Z", "fetched_at": "2025-07-16T00:10:50.976200+00:00", "symbol": "DOGE-USD"}, {"trade_id": 139192841, "side": "buy", "size": "5.60000000", "price": "0.19834000", "time": "2025-07-16T00:09:19.228868Z", "fetched_at": "2025-07-16T00:10:50.976200+00:00", "symbol": "DOGE-USD"}, {"trade_id": 139192840, "side": "buy", "size": "5.60000000", "price": "0.19836000", "time": "2025-07-16T00:09:13.120040Z", "fetched_at": "2025-07-16T00:10:50.976200+00:00", "symbol": "DOGE-USD"}, {"trade_id": 139192839, "side": "buy", "size": "5.60000000", "price": "0.19838000", "time": "2025-07-16T00:09:12.937741Z", "fetched_at": "2025-07-16T00:10:50.976200+00:00", "symbol": "DOGE-USD"}, {"trade_id": 139192838, "side": "buy", "size": "1134.70000000", "price": "0.19840000", "time": "2025-07-16T00:09:12.551304Z", "fetched_at": "2025-07-16T00:10:50.976200+00:00", "symbol": "DOGE-USD"}, {"trade_id": 139192837, "side": "buy", "size": "47.80000000", "price": "0.19840000", "time": "2025-07-16T00:09:11.831194Z", "fetched_at": "2025-07-16T00:10:50.976200+00:00", "symbol": "DOGE-USD"}, {"trade_id": 139192836, "side": "buy", "size": "2.60000000", "price": "0.19840000", "time": "2025-07-16T00:09:11.831194Z", "fetched_at": "2025-07-16T00:10:50.976200+00:00", "symbol": "DOGE-USD"}, {"trade_id": 139192835, "side": "buy", "size": "3.00000000", "price": "0.19840000", "time": "2025-07-16T00:09:07.569834Z", "fetched_at": "2025-07-16T00:10:50.976200+00:00", "symbol": "DOGE-USD"}, {"trade_id": 139192834, "side": "buy", "size": "5.60000000", "price": "0.19842000", "time": "2025-07-16T00:09:06.737135Z", "fetched_at": "2025-07-16T00:10:50.976200+00:00", "symbol": "DOGE-USD"}, {"trade_id": 139192833, "side": "buy", "size": "25.20000000", "price": "0.19845000", "time": "2025-07-16T00:09:06.059394Z", "fetched_at": "2025-07-16T00:10:50.976200+00:00", "symbol": "DOGE-USD"}, {"trade_id": 139192832, "side": "buy", "size": "1267.80000000", "price": "0.19845000", "time": "2025-07-16T00:09:06.059394Z", "fetched_at": "2025-07-16T00:10:50.976200+00:00", "symbol": "DOGE-USD"}, {"trade_id": 139192831, "side": "sell", "size": "1009.40000000", "price": "0.19846000", "time": "2025-07-16T00:09:05.640123Z", "fetched_at": "2025-07-16T00:10:50.976200+00:00", "symbol": "DOGE-USD"}, {"trade_id": 139192830, "side": "sell", "size": "1485.90000000", "price": "0.19846000", "time": "2025-07-16T00:09:05.640123Z", "fetched_at": "2025-07-16T00:10:50.976200+00:00", "symbol": "DOGE-USD"}, {"trade_id": 139192829, "side": "sell", "size": "1183.90000000", "price": "0.19849000", "time": "2025-07-16T00:09:03.124537Z", "fetched_at": "2025-07-16T00:10:50.976200+00:00", "symbol": "DOGE-USD"}, {"trade_id": 139192828, "side": "sell", "size": "5.60000000", "price": "0.19848000", "time": "2025-07-16T00:09:03.124537Z", "fetched_at": "2025-07-16T00:10:50.976200+00:00", "symbol": "DOGE-USD"}, {"trade_id": 139192827, "side": "sell", "size": "5.60000000", "price": "0.19846000", "time": "2025-07-16T00:09:03.124537Z", "fetched_at": "2025-07-16T00:10:50.976200+00:00", "symbol": "DOGE-USD"}, {"trade_id": 139192826, "side": "sell", "size": "5.60000000", "price": "0.19844000", "time": "2025-07-16T00:09:01.474893Z", "fetched_at": "2025-07-16T00:10:50.976200+00:00", "symbol": "DOGE-USD"}, {"trade_id": 139192825, "side": "buy", "size": "1.20000000", "price": "0.19843000", "time": "2025-07-16T00:09:00.873566Z", "fetched_at": "2025-07-16T00:10:50.976200+00:00", "symbol": "DOGE-USD"}, {"trade_id": 139192824, "side": "sell", "size": "5.60000000", "price": "0.19842000", "time": "2025-07-16T00:09:00.801376Z", "fetched_at": "2025-07-16T00:10:50.976200+00:00", "symbol": "DOGE-USD"}, {"trade_id": 139192823, "side": "sell", "size": "2640.70000000", "price": "0.19840000", "time": "2025-07-16T00:09:00.782484Z", "fetched_at": "2025-07-16T00:10:50.976200+00:00", "symbol": "DOGE-USD"}, {"trade_id": 139192822, "side": "sell", "size": "15623.90000000", "price": "0.19840000", "time": "2025-07-16T00:09:00.782166Z", "fetched_at": "2025-07-16T00:10:50.976200+00:00", "symbol": "DOGE-USD"}, {"trade_id": 139192821, "side": "sell", "size": "5.60000000", "price": "0.19840000", "time": "2025-07-16T00:09:00.782166Z", "fetched_at": "2025-07-16T00:10:50.976200+00:00", "symbol": "DOGE-USD"}, {"trade_id": 139192820, "side": "buy", "size": "147.20000000", "price": "0.19834000", "time": "2025-07-16T00:08:52.224732Z", "fetched_at": "2025-07-16T00:10:50.976200+00:00", "symbol": "DOGE-USD"}, {"trade_id": 139192819, "side": "buy", "size": "5.60000000", "price": "0.19834000", "time": "2025-07-16T00:08:52.224732Z", "fetched_at": "2025-07-16T00:10:50.976200+00:00", "symbol": "DOGE-USD"}, {"trade_id": 139192818, "side": "buy", "size": "6.60000000", "price": "0.19835000", "time": "2025-07-16T00:08:50.281180Z", "fetched_at": "2025-07-16T00:10:50.976200+00:00", "symbol": "DOGE-USD"}, {"trade_id": 139192817, "side": "buy", "size": "999.70000000", "price": "0.19836000", "time": "2025-07-16T00:08:50.281180Z", "fetched_at": "2025-07-16T00:10:50.976200+00:00", "symbol": "DOGE-USD"}, {"trade_id": 139192816, "side": "buy", "size": "5.60000000", "price": "0.19836000", "time": "2025-07-16T00:08:50.281180Z", "fetched_at": "2025-07-16T00:10:50.976200+00:00", "symbol": "DOGE-USD"}, {"trade_id": 139192815, "side": "buy", "size": "551.00000000", "price": "0.19840000", "time": "2025-07-16T00:08:48.412259Z", "fetched_at": "2025-07-16T00:10:50.976200+00:00", "symbol": "DOGE-USD"}, {"trade_id": 139192814, "side": "sell", "size": "5.60000000", "price": "0.19840000", "time": "2025-07-16T00:08:44.458555Z", "fetched_at": "2025-07-16T00:10:50.976200+00:00", "symbol": "DOGE-USD"}, {"trade_id": 139192813, "side": "sell", "size": "6834.40000000", "price": "0.19836000", "time": "2025-07-16T00:08:43.881098Z", "fetched_at": "2025-07-16T00:10:50.976200+00:00", "symbol": "DOGE-USD"}, {"trade_id": 139192812, "side": "sell", "size": "3417.90000000", "price": "0.19836000", "time": "2025-07-16T00:08:43.880988Z", "fetched_at": "2025-07-16T00:10:50.976200+00:00", "symbol": "DOGE-USD"}, {"trade_id": 139192811, "side": "sell", "size": "4000.50000000", "price": "0.19836000", "time": "2025-07-16T00:08:43.880926Z", "fetched_at": "2025-07-16T00:10:50.976200+00:00", "symbol": "DOGE-USD"}, {"trade_id": 139192810, "side": "sell", "size": "4697.30000000", "price": "0.19836000", "time": "2025-07-16T00:08:43.879919Z", "fetched_at": "2025-07-16T00:10:50.976200+00:00", "symbol": "DOGE-USD"}, {"trade_id": 139192809, "side": "buy", "size": "909.20000000", "price": "0.19835000", "time": "2025-07-16T00:08:43.785423Z", "fetched_at": "2025-07-16T00:10:50.976200+00:00", "symbol": "DOGE-USD"}, {"trade_id": 139192808, "side": "buy", "size": "351.30000000", "price": "0.19835000", "time": "2025-07-16T00:08:43.785423Z", "fetched_at": "2025-07-16T00:10:50.976200+00:00", "symbol": "DOGE-USD"}, {"trade_id": 139192807, "side": "sell", "size": "49.90000000", "price": "0.19836000", "time": "2025-07-16T00:08:40.876638Z", "fetched_at": "2025-07-16T00:10:50.976200+00:00", "symbol": "DOGE-USD"}, {"trade_id": 139192806, "side": "buy", "size": "848.70000000", "price": "0.19835000", "time": "2025-07-16T00:08:38.941496Z", "fetched_at": "2025-07-16T00:10:50.976200+00:00", "symbol": "DOGE-USD"}, {"trade_id": 139192805, "side": "buy", "size": "351.30000000", "price": "0.19835000", "time": "2025-07-16T00:08:38.941496Z", "fetched_at": "2025-07-16T00:10:50.976200+00:00", "symbol": "DOGE-USD"}, {"trade_id": 139192804, "side": "buy", "size": "667.30000000", "price": "0.19830000", "time": "2025-07-16T00:08:35.586778Z", "fetched_at": "2025-07-16T00:10:50.976200+00:00", "symbol": "DOGE-USD"}, {"trade_id": 139192803, "side": "buy", "size": "1465.90000000", "price": "0.19830000", "time": "2025-07-16T00:08:35.586778Z", "fetched_at": "2025-07-16T00:10:50.976200+00:00", "symbol": "DOGE-USD"}, {"trade_id": 139192802, "side": "buy", "size": "5.60000000", "price": "0.19830000", "time": "2025-07-16T00:08:35.586778Z", "fetched_at": "2025-07-16T00:10:50.976200+00:00", "symbol": "DOGE-USD"}, {"trade_id": 139192801, "side": "buy", "size": "5.60000000", "price": "0.19832000", "time": "2025-07-16T00:08:35.586778Z", "fetched_at": "2025-07-16T00:10:50.976200+00:00", "symbol": "DOGE-USD"}, {"trade_id": 139192800, "side": "buy", "size": "6.60000000", "price": "0.19835000", "time": "2025-07-16T00:08:26.881206Z", "fetched_at": "2025-07-16T00:10:50.976200+00:00", "symbol": "DOGE-USD"}, {"trade_id": 139192799, "side": "buy", "size": "287.90000000", "price": "0.19834000", "time": "2025-07-16T00:08:19.481682Z", "fetched_at": "2025-07-16T00:10:50.976200+00:00", "symbol": "DOGE-USD"}, {"trade_id": 139192798, "side": "buy", "size": "5.60000000", "price": "0.19834000", "time": "2025-07-16T00:08:19.481682Z", "fetched_at": "2025-07-16T00:10:50.976200+00:00", "symbol": "DOGE-USD"}, {"trade_id": 139192797, "side": "buy", "size": "489.10000000", "price": "0.19836000", "time": "2025-07-16T00:08:19.481682Z", "fetched_at": "2025-07-16T00:10:50.976200+00:00", "symbol": "DOGE-USD"}, {"trade_id": 139192796, "side": "buy", "size": "5.60000000", "price": "0.19836000", "time": "2025-07-16T00:08:19.481682Z", "fetched_at": "2025-07-16T00:10:50.976200+00:00", "symbol": "DOGE-USD"}, {"trade_id": 139192795, "side": "sell", "size": "716.40000000", "price": "0.19839000", "time": "2025-07-16T00:08:14.285505Z", "fetched_at": "2025-07-16T00:10:50.976200+00:00", "symbol": "DOGE-USD"}, {"trade_id": 139192794, "side": "buy", "size": "26.10000000", "price": "0.19837000", "time": "2025-07-16T00:08:11.617975Z", "fetched_at": "2025-07-16T00:10:50.976200+00:00", "symbol": "DOGE-USD"}, {"trade_id": 139192793, "side": "buy", "size": "5.60000000", "price": "0.19838000", "time": "2025-07-16T00:08:11.617975Z", "fetched_at": "2025-07-16T00:10:50.976200+00:00", "symbol": "DOGE-USD"}, {"trade_id": 139192792, "side": "buy", "size": "5.60000000", "price": "0.19840000", "time": "2025-07-16T00:08:11.617975Z", "fetched_at": "2025-07-16T00:10:50.976200+00:00", "symbol": "DOGE-USD"}, {"trade_id": 139192791, "side": "sell", "size": "94.70000000", "price": "0.19841000", "time": "2025-07-16T00:08:11.319809Z", "fetched_at": "2025-07-16T00:10:50.976200+00:00", "symbol": "DOGE-USD"}, {"trade_id": 139192790, "side": "buy", "size": "487.50000000", "price": "0.19842000", "time": "2025-07-16T00:08:11.075378Z", "fetched_at": "2025-07-16T00:10:50.976200+00:00", "symbol": "DOGE-USD"}, {"trade_id": 139192789, "side": "buy", "size": "5.60000000", "price": "0.19842000", "time": "2025-07-16T00:08:11.075378Z", "fetched_at": "2025-07-16T00:10:50.976200+00:00", "symbol": "DOGE-USD"}, {"trade_id": 139192788, "side": "sell", "size": "1383.50000000", "price": "0.19843000", "time": "2025-07-16T00:08:10.391180Z", "fetched_at": "2025-07-16T00:10:50.976200+00:00", "symbol": "DOGE-USD"}, {"trade_id": 139192787, "side": "sell", "size": "361.50000000", "price": "0.19843000", "time": "2025-07-16T00:08:10.391180Z", "fetched_at": "2025-07-16T00:10:50.976200+00:00", "symbol": "DOGE-USD"}, {"trade_id": 139192786, "side": "sell", "size": "336.60000000", "price": "0.19843000", "time": "2025-07-16T00:08:10.391180Z", "fetched_at": "2025-07-16T00:10:50.976200+00:00", "symbol": "DOGE-USD"}, {"trade_id": 139192785, "side": "sell", "size": "413.30000000", "price": "0.19843000", "time": "2025-07-16T00:08:10.391180Z", "fetched_at": "2025-07-16T00:10:50.976200+00:00", "symbol": "DOGE-USD"}, {"trade_id": 139192784, "side": "sell", "size": "127.00000000", "price": "0.19843000", "time": "2025-07-16T00:08:09.399923Z", "fetched_at": "2025-07-16T00:10:50.976200+00:00", "symbol": "DOGE-USD"}, {"trade_id": 139192783, "side": "sell", "size": "362.60000000", "price": "0.19843000", "time": "2025-07-16T00:08:09.399923Z", "fetched_at": "2025-07-16T00:10:50.976200+00:00", "symbol": "DOGE-USD"}, {"trade_id": 139192782, "side": "buy", "size": "5.60000000", "price": "0.19844000", "time": "2025-07-16T00:08:09.224547Z", "fetched_at": "2025-07-16T00:10:50.976200+00:00", "symbol": "DOGE-USD"}, {"trade_id": 139192781, "side": "buy", "size": "363.70000000", "price": "0.19846000", "time": "2025-07-16T00:08:09.066126Z", "fetched_at": "2025-07-16T00:10:50.976200+00:00", "symbol": "DOGE-USD"}, {"trade_id": 139192780, "side": "buy", "size": "201.10000000", "price": "0.19846000", "time": "2025-07-16T00:08:09.066115Z", "fetched_at": "2025-07-16T00:10:50.976200+00:00", "symbol": "DOGE-USD"}, {"trade_id": 139192779, "side": "buy", "size": "5.60000000", "price": "0.19846000", "time": "2025-07-16T00:08:09.066115Z", "fetched_at": "2025-07-16T00:10:50.976200+00:00", "symbol": "DOGE-USD"}, {"trade_id": 139192778, "side": "sell", "size": "6.40000000", "price": "0.19850000", "time": "2025-07-16T00:08:02.186311Z", "fetched_at": "2025-07-16T00:10:50.976200+00:00", "symbol": "DOGE-USD"}, {"trade_id": 139192777, "side": "sell", "size": "362.60000000", "price": "0.19848000", "time": "2025-07-16T00:08:02.186311Z", "fetched_at": "2025-07-16T00:10:50.976200+00:00", "symbol": "DOGE-USD"}, {"trade_id": 139192776, "side": "buy", "size": "3984.80000000", "price": "0.19848000", "time": "2025-07-16T00:08:02.094708Z", "fetched_at": "2025-07-16T00:10:50.976200+00:00", "symbol": "DOGE-USD"}, {"trade_id": 139192775, "side": "buy", "size": "1593.00000000", "price": "0.19848000", "time": "2025-07-16T00:08:02.094708Z", "fetched_at": "2025-07-16T00:10:50.976200+00:00", "symbol": "DOGE-USD"}, {"trade_id": 139192774, "side": "buy", "size": "888.00000000", "price": "0.19849000", "time": "2025-07-16T00:08:02.094635Z", "fetched_at": "2025-07-16T00:10:50.976200+00:00", "symbol": "DOGE-USD"}, {"trade_id": 139192773, "side": "buy", "size": "4.80000000", "price": "0.19847000", "time": "2025-07-16T00:07:57.630316Z", "fetched_at": "2025-07-16T00:10:50.976200+00:00", "symbol": "DOGE-USD"}, {"trade_id": 139192772, "side": "buy", "size": "5.60000000", "price": "0.19848000", "time": "2025-07-16T00:07:57.630316Z", "fetched_at": "2025-07-16T00:10:50.976200+00:00", "symbol": "DOGE-USD"}, {"trade_id": 139192771, "side": "buy", "size": "25.20000000", "price": "0.19849000", "time": "2025-07-16T00:07:57.630316Z", "fetched_at": "2025-07-16T00:10:50.976200+00:00", "symbol": "DOGE-USD"}, {"trade_id": 139192770, "side": "buy", "size": "5.60000000", "price": "0.19848000", "time": "2025-07-16T00:07:52.326626Z", "fetched_at": "2025-07-16T00:10:50.976200+00:00", "symbol": "DOGE-USD"}, {"trade_id": 139192769, "side": "buy", "size": "5.60000000", "price": "0.19850000", "time": "2025-07-16T00:07:52.180823Z", "fetched_at": "2025-07-16T00:10:50.976200+00:00", "symbol": "DOGE-USD"}, {"trade_id": 139192768, "side": "buy", "size": "30.20000000", "price": "0.19851000", "time": "2025-07-16T00:07:51.282512Z", "fetched_at": "2025-07-16T00:10:50.976200+00:00", "symbol": "DOGE-USD"}, {"trade_id": 139192767, "side": "sell", "size": "23.00000000", "price": "0.19856000", "time": "2025-07-16T00:07:47.635813Z", "fetched_at": "2025-07-16T00:10:50.976200+00:00", "symbol": "DOGE-USD"}, {"trade_id": 139192766, "side": "sell", "size": "5.60000000", "price": "0.19856000", "time": "2025-07-16T00:07:47.635813Z", "fetched_at": "2025-07-16T00:10:50.976200+00:00", "symbol": "DOGE-USD"}, {"trade_id": 139192765, "side": "sell", "size": "5.60000000", "price": "0.19854000", "time": "2025-07-16T00:07:47.635813Z", "fetched_at": "2025-07-16T00:10:50.976200+00:00", "symbol": "DOGE-USD"}, {"trade_id": 139192764, "side": "buy", "size": "357.90000000", "price": "0.19850000", "time": "2025-07-16T00:07:38.199104Z", "fetched_at": "2025-07-16T00:10:50.976200+00:00", "symbol": "DOGE-USD"}, {"trade_id": 139192763, "side": "buy", "size": "208.60000000", "price": "0.19850000", "time": "2025-07-16T00:07:37.553139Z", "fetched_at": "2025-07-16T00:10:50.976200+00:00", "symbol": "DOGE-USD"}, {"trade_id": 139192762, "side": "sell", "size": "19.10000000", "price": "0.19851000", "time": "2025-07-16T00:07:36.198986Z", "fetched_at": "2025-07-16T00:10:50.976200+00:00", "symbol": "DOGE-USD"}, {"trade_id": 139192761, "side": "sell", "size": "4.90000000", "price": "0.19852000", "time": "2025-07-16T00:07:35.891452Z", "fetched_at": "2025-07-16T00:10:50.976200+00:00", "symbol": "DOGE-USD"}, {"trade_id": 139192760, "side": "sell", "size": "6.40000000", "price": "0.19852000", "time": "2025-07-16T00:07:35.688787Z", "fetched_at": "2025-07-16T00:10:50.976200+00:00", "symbol": "DOGE-USD"}, {"trade_id": 139192759, "side": "sell", "size": "338.50000000", "price": "0.19853000", "time": "2025-07-16T00:07:35.467348Z", "fetched_at": "2025-07-16T00:10:50.976200+00:00", "symbol": "DOGE-USD"}, {"trade_id": 139192758, "side": "sell", "size": "1093.30000000", "price": "0.19854000", "time": "2025-07-16T00:07:35.202065Z", "fetched_at": "2025-07-16T00:10:50.976200+00:00", "symbol": "DOGE-USD"}, {"trade_id": 139192757, "side": "sell", "size": "1593.00000000", "price": "0.19854000", "time": "2025-07-16T00:07:35.202065Z", "fetched_at": "2025-07-16T00:10:50.976200+00:00", "symbol": "DOGE-USD"}, {"trade_id": 139192756, "side": "sell", "size": "5.60000000", "price": "0.19854000", "time": "2025-07-16T00:07:35.202065Z", "fetched_at": "2025-07-16T00:10:50.976200+00:00", "symbol": "DOGE-USD"}, {"trade_id": 139192755, "side": "sell", "size": "700.00000000", "price": "0.19853000", "time": "2025-07-16T00:07:35.202065Z", "fetched_at": "2025-07-16T00:10:50.976200+00:00", "symbol": "DOGE-USD"}, {"trade_id": 139192754, "side": "sell", "size": "1498.60000000", "price": "0.19852000", "time": "2025-07-16T00:07:35.202065Z", "fetched_at": "2025-07-16T00:10:50.976200+00:00", "symbol": "DOGE-USD"}, {"trade_id": 139192753, "side": "sell", "size": "5.60000000", "price": "0.19852000", "time": "2025-07-16T00:07:35.202065Z", "fetched_at": "2025-07-16T00:10:50.976200+00:00", "symbol": "DOGE-USD"}, {"trade_id": 139192752, "side": "buy", "size": "444.90000000", "price": "0.19846000", "time": "2025-07-16T00:07:30.380645Z", "fetched_at": "2025-07-16T00:10:50.976200+00:00", "symbol": "DOGE-USD"}, {"trade_id": 139192751, "side": "buy", "size": "351.30000000", "price": "0.19848000", "time": "2025-07-16T00:07:30.380645Z", "fetched_at": "2025-07-16T00:10:50.976200+00:00", "symbol": "DOGE-USD"}, {"trade_id": 139192750, "side": "sell", "size": "65.20000000", "price": "0.19849000", "time": "2025-07-16T00:07:29.468103Z", "fetched_at": "2025-07-16T00:10:50.976200+00:00", "symbol": "DOGE-USD"}, {"trade_id": 139192749, "side": "buy", "size": "0.60000000", "price": "0.19841000", "time": "2025-07-16T00:07:29.059735Z", "fetched_at": "2025-07-16T00:10:50.976200+00:00", "symbol": "DOGE-USD"}, {"trade_id": 139192748, "side": "buy", "size": "5.60000000", "price": "0.19842000", "time": "2025-07-16T00:07:29.059735Z", "fetched_at": "2025-07-16T00:10:50.976200+00:00", "symbol": "DOGE-USD"}, {"trade_id": 139192747, "side": "buy", "size": "19.60000000", "price": "0.19844000", "time": "2025-07-16T00:07:24.755872Z", "fetched_at": "2025-07-16T00:10:50.976200+00:00", "symbol": "DOGE-USD"}, {"trade_id": 139192746, "side": "buy", "size": "5.60000000", "price": "0.19844000", "time": "2025-07-16T00:07:24.755872Z", "fetched_at": "2025-07-16T00:10:50.976200+00:00", "symbol": "DOGE-USD"}, {"trade_id": 139192745, "side": "sell", "size": "239.00000000", "price": "0.19845000", "time": "2025-07-16T00:07:23.618476Z", "fetched_at": "2025-07-16T00:10:50.976200+00:00", "symbol": "DOGE-USD"}, {"trade_id": 139192744, "side": "buy", "size": "509.90000000", "price": "0.19847000", "time": "2025-07-16T00:07:21.830684Z", "fetched_at": "2025-07-16T00:10:50.976200+00:00", "symbol": "DOGE-USD"}, {"trade_id": 139192743, "side": "buy", "size": "224.20000000", "price": "0.19843000", "time": "2025-07-16T00:07:16.611753Z", "fetched_at": "2025-07-16T00:10:50.976200+00:00", "symbol": "DOGE-USD"}, {"trade_id": 139192742, "side": "buy", "size": "351.30000000", "price": "0.19845000", "time": "2025-07-16T00:07:16.611753Z", "fetched_at": "2025-07-16T00:10:50.976200+00:00", "symbol": "DOGE-USD"}, {"trade_id": 139192741, "side": "buy", "size": "1593.00000000", "price": "0.19846000", "time": "2025-07-16T00:07:16.611753Z", "fetched_at": "2025-07-16T00:10:50.976200+00:00", "symbol": "DOGE-USD"}, {"trade_id": 139192740, "side": "buy", "size": "351.30000000", "price": "0.19847000", "time": "2025-07-16T00:07:16.611753Z", "fetched_at": "2025-07-16T00:10:50.976200+00:00", "symbol": "DOGE-USD"}, {"trade_id": 139192739, "side": "sell", "size": "504.50000000", "price": "0.19845000", "time": "2025-07-16T00:07:13.654957Z", "fetched_at": "2025-07-16T00:10:50.976200+00:00", "symbol": "DOGE-USD"}, {"trade_id": 139192738, "side": "sell", "size": "997.70000000", "price": "0.19844000", "time": "2025-07-16T00:07:13.149791Z", "fetched_at": "2025-07-16T00:10:50.976200+00:00", "symbol": "DOGE-USD"}, {"trade_id": 139192737, "side": "sell", "size": "178.10000000", "price": "0.19841000", "time": "2025-07-16T00:07:10.350626Z", "fetched_at": "2025-07-16T00:10:50.976200+00:00", "symbol": "DOGE-USD"}, {"trade_id": 139192736, "side": "sell", "size": "362.60000000", "price": "0.19841000", "time": "2025-07-16T00:07:10.350626Z", "fetched_at": "2025-07-16T00:10:50.976200+00:00", "symbol": "DOGE-USD"}, {"trade_id": 139192735, "side": "buy", "size": "5.60000000", "price": "0.19842000", "time": "2025-07-16T00:07:10.272277Z", "fetched_at": "2025-07-16T00:10:50.976200+00:00", "symbol": "DOGE-USD"}, {"trade_id": 139192734, "side": "sell", "size": "3024.50000000", "price": "0.19843000", "time": "2025-07-16T00:07:07.800016Z", "fetched_at": "2025-07-16T00:10:50.976200+00:00", "symbol": "DOGE-USD"}, {"trade_id": 139192733, "side": "buy", "size": "5.60000000", "price": "0.19842000", "time": "2025-07-16T00:07:06.962400Z", "fetched_at": "2025-07-16T00:10:50.976200+00:00", "symbol": "DOGE-USD"}, {"trade_id": 139192732, "side": "sell", "size": "24.50000000", "price": "0.19843000", "time": "2025-07-16T00:07:06.564565Z", "fetched_at": "2025-07-16T00:10:50.976200+00:00", "symbol": "DOGE-USD"}, {"trade_id": 139192731, "side": "buy", "size": "5.60000000", "price": "0.19844000", "time": "2025-07-16T00:07:06.539556Z", "fetched_at": "2025-07-16T00:10:50.976200+00:00", "symbol": "DOGE-USD"}, {"trade_id": 139192730, "side": "buy", "size": "5.60000000", "price": "0.19846000", "time": "2025-07-16T00:07:03.570833Z", "fetched_at": "2025-07-16T00:10:50.976200+00:00", "symbol": "DOGE-USD"}, {"trade_id": 139192729, "side": "buy", "size": "105.40000000", "price": "0.19851000", "time": "2025-07-16T00:07:00.492694Z", "fetched_at": "2025-07-16T00:10:50.976200+00:00", "symbol": "DOGE-USD"}, {"trade_id": 139192728, "side": "buy", "size": "527.40000000", "price": "0.19851000", "time": "2025-07-16T00:07:00.492694Z", "fetched_at": "2025-07-16T00:10:50.976200+00:00", "symbol": "DOGE-USD"}, {"trade_id": 139192727, "side": "buy", "size": "2260.20000000", "price": "0.19846000", "time": "2025-07-16T00:06:57.699936Z", "fetched_at": "2025-07-16T00:10:50.976200+00:00", "symbol": "DOGE-USD"}, {"trade_id": 139192726, "side": "buy", "size": "5.60000000", "price": "0.19846000", "time": "2025-07-16T00:06:57.699936Z", "fetched_at": "2025-07-16T00:10:50.976200+00:00", "symbol": "DOGE-USD"}, {"trade_id": 139192725, "side": "buy", "size": "1611.40000000", "price": "0.19846000", "time": "2025-07-16T00:06:57.699936Z", "fetched_at": "2025-07-16T00:10:50.976200+00:00", "symbol": "DOGE-USD"}, {"trade_id": 139192724, "side": "buy", "size": "637.20000000", "price": "0.19847000", "time": "2025-07-16T00:06:57.699936Z", "fetched_at": "2025-07-16T00:10:50.976200+00:00", "symbol": "DOGE-USD"}, {"trade_id": 139192723, "side": "buy", "size": "5.60000000", "price": "0.19848000", "time": "2025-07-16T00:06:57.699936Z", "fetched_at": "2025-07-16T00:10:50.976200+00:00", "symbol": "DOGE-USD"}, {"trade_id": 139192722, "side": "buy", "size": "5.60000000", "price": "0.19850000", "time": "2025-07-16T00:06:57.699936Z", "fetched_at": "2025-07-16T00:10:50.976200+00:00", "symbol": "DOGE-USD"}, {"trade_id": 139192721, "side": "buy", "size": "510.30000000", "price": "0.19855000", "time": "2025-07-16T00:06:56.816788Z", "fetched_at": "2025-07-16T00:10:50.976200+00:00", "symbol": "DOGE-USD"}, {"trade_id": 139192720, "side": "buy", "size": "25.20000000", "price": "0.19855000", "time": "2025-07-16T00:06:56.816788Z", "fetched_at": "2025-07-16T00:10:50.976200+00:00", "symbol": "DOGE-USD"}, {"trade_id": 139192719, "side": "sell", "size": "30.00000000", "price": "0.19856000", "time": "2025-07-16T00:06:55.786472Z", "fetched_at": "2025-07-16T00:10:50.976200+00:00", "symbol": "DOGE-USD"}, {"trade_id": 139192718, "side": "sell", "size": "5.60000000", "price": "0.19856000", "time": "2025-07-16T00:06:55.786472Z", "fetched_at": "2025-07-16T00:10:50.976200+00:00", "symbol": "DOGE-USD"}, {"trade_id": 139192717, "side": "buy", "size": "700.00000000", "price": "0.19851000", "time": "2025-07-16T00:06:49.659709Z", "fetched_at": "2025-07-16T00:10:50.976200+00:00", "symbol": "DOGE-USD"}, {"trade_id": 139192716, "side": "buy", "size": "1673.00000000", "price": "0.19852000", "time": "2025-07-16T00:06:49.659709Z", "fetched_at": "2025-07-16T00:10:50.976200+00:00", "symbol": "DOGE-USD"}, {"trade_id": 139192715, "side": "buy", "size": "351.30000000", "price": "0.19854000", "time": "2025-07-16T00:06:49.659709Z", "fetched_at": "2025-07-16T00:10:50.976200+00:00", "symbol": "DOGE-USD"}, {"trade_id": 139192714, "side": "sell", "size": "4.40000000", "price": "0.19855000", "time": "2025-07-16T00:06:48.503956Z", "fetched_at": "2025-07-16T00:10:50.976200+00:00", "symbol": "DOGE-USD"}, {"trade_id": 139192713, "side": "sell", "size": "5.60000000", "price": "0.19854000", "time": "2025-07-16T00:06:48.503956Z", "fetched_at": "2025-07-16T00:10:50.976200+00:00", "symbol": "DOGE-USD"}, {"trade_id": 139192712, "side": "sell", "size": "5.60000000", "price": "0.19852000", "time": "2025-07-16T00:06:46.448959Z", "fetched_at": "2025-07-16T00:10:50.976200+00:00", "symbol": "DOGE-USD"}, {"trade_id": 139192711, "side": "sell", "size": "5.60000000", "price": "0.19850000", "time": "2025-07-16T00:06:46.268517Z", "fetched_at": "2025-07-16T00:10:50.976200+00:00", "symbol": "DOGE-USD"}, {"trade_id": 139192710, "side": "sell", "size": "34.90000000", "price": "0.19850000", "time": "2025-07-16T00:06:46.268517Z", "fetched_at": "2025-07-16T00:10:50.976200+00:00", "symbol": "DOGE-USD"}, {"trade_id": 139192709, "side": "sell", "size": "5.60000000", "price": "0.19848000", "time": "2025-07-16T00:06:46.268517Z", "fetched_at": "2025-07-16T00:10:50.976200+00:00", "symbol": "DOGE-USD"}, {"trade_id": 139192708, "side": "sell", "size": "5.60000000", "price": "0.19846000", "time": "2025-07-16T00:06:46.261646Z", "fetched_at": "2025-07-16T00:10:50.976200+00:00", "symbol": "DOGE-USD"}, {"trade_id": 139192707, "side": "buy", "size": "93.40000000", "price": "0.19845000", "time": "2025-07-16T00:06:43.653146Z", "fetched_at": "2025-07-16T00:10:50.976200+00:00", "symbol": "DOGE-USD"}, {"trade_id": 139192706, "side": "sell", "size": "63.00000000", "price": "0.19844000", "time": "2025-07-16T00:06:43.039639Z", "fetched_at": "2025-07-16T00:10:50.976200+00:00", "symbol": "DOGE-USD"}, {"trade_id": 139192705, "side": "sell", "size": "5.60000000", "price": "0.19844000", "time": "2025-07-16T00:06:43.039639Z", "fetched_at": "2025-07-16T00:10:50.976200+00:00", "symbol": "DOGE-USD"}, {"trade_id": 139192704, "side": "buy", "size": "11.30000000", "price": "0.19843000", "time": "2025-07-16T00:06:42.642627Z", "fetched_at": "2025-07-16T00:10:50.976200+00:00", "symbol": "DOGE-USD"}, {"trade_id": 139192703, "side": "buy", "size": "351.30000000", "price": "0.19843000", "time": "2025-07-16T00:06:42.642627Z", "fetched_at": "2025-07-16T00:10:50.976200+00:00", "symbol": "DOGE-USD"}, {"trade_id": 139192702, "side": "buy", "size": "6.60000000", "price": "0.19840000", "time": "2025-07-16T00:06:38.927047Z", "fetched_at": "2025-07-16T00:10:50.976200+00:00", "symbol": "DOGE-USD"}, {"trade_id": 139192701, "side": "buy", "size": "5.60000000", "price": "0.19840000", "time": "2025-07-16T00:06:38.927047Z", "fetched_at": "2025-07-16T00:10:50.976200+00:00", "symbol": "DOGE-USD"}, {"trade_id": 139192700, "side": "buy", "size": "525.60000000", "price": "0.19845000", "time": "2025-07-16T00:06:37.739979Z", "fetched_at": "2025-07-16T00:10:50.976200+00:00", "symbol": "DOGE-USD"}, {"trade_id": 139192699, "side": "sell", "size": "92.30000000", "price": "0.19844000", "time": "2025-07-16T00:06:30.695805Z", "fetched_at": "2025-07-16T00:10:50.976200+00:00", "symbol": "DOGE-USD"}, {"trade_id": 139192698, "side": "sell", "size": "5.60000000", "price": "0.19844000", "time": "2025-07-16T00:06:30.695805Z", "fetched_at": "2025-07-16T00:10:50.976200+00:00", "symbol": "DOGE-USD"}, {"trade_id": 139192697, "side": "buy", "size": "654.70000000", "price": "0.19839000", "time": "2025-07-16T00:06:29.724010Z", "fetched_at": "2025-07-16T00:10:50.976200+00:00", "symbol": "DOGE-USD"}, {"trade_id": 139192696, "side": "buy", "size": "700.00000000", "price": "0.19840000", "time": "2025-07-16T00:06:29.724010Z", "fetched_at": "2025-07-16T00:10:50.976200+00:00", "symbol": "DOGE-USD"}, {"trade_id": 139192695, "side": "buy", "size": "5.60000000", "price": "0.19840000", "time": "2025-07-16T00:06:29.724010Z", "fetched_at": "2025-07-16T00:10:50.976200+00:00", "symbol": "DOGE-USD"}, {"trade_id": 139192694, "side": "buy", "size": "552.80000000", "price": "0.19842000", "time": "2025-07-16T00:06:29.724010Z", "fetched_at": "2025-07-16T00:10:50.976200+00:00", "symbol": "DOGE-USD"}, {"trade_id": 139192693, "side": "buy", "size": "70.20000000", "price": "0.19842000", "time": "2025-07-16T00:06:29.724010Z", "fetched_at": "2025-07-16T00:10:50.976200+00:00", "symbol": "DOGE-USD"}, {"trade_id": 139192692, "side": "buy", "size": "2797.90000000", "price": "0.19839000", "time": "2025-07-16T00:06:23.186950Z", "fetched_at": "2025-07-16T00:10:50.976200+00:00", "symbol": "DOGE-USD"}, {"trade_id": 139192691, "side": "buy", "size": "888.80000000", "price": "0.19840000", "time": "2025-07-16T00:06:23.186950Z", "fetched_at": "2025-07-16T00:10:50.976200+00:00", "symbol": "DOGE-USD"}, {"trade_id": 139192690, "side": "buy", "size": "70.20000000", "price": "0.19840000", "time": "2025-07-16T00:06:23.186950Z", "fetched_at": "2025-07-16T00:10:50.976200+00:00", "symbol": "DOGE-USD"}, {"trade_id": 139192689, "side": "buy", "size": "1388.20000000", "price": "0.19841000", "time": "2025-07-16T00:06:23.186950Z", "fetched_at": "2025-07-16T00:10:50.976200+00:00", "symbol": "DOGE-USD"}, {"trade_id": 139192688, "side": "buy", "size": "462.90000000", "price": "0.19838000", "time": "2025-07-16T00:06:18.728097Z", "fetched_at": "2025-07-16T00:10:50.976200+00:00", "symbol": "DOGE-USD"}, {"trade_id": 139192687, "side": "buy", "size": "5.60000000", "price": "0.19838000", "time": "2025-07-16T00:06:18.728097Z", "fetched_at": "2025-07-16T00:10:50.976200+00:00", "symbol": "DOGE-USD"}, {"trade_id": 139192686, "side": "buy", "size": "6.50000000", "price": "0.19840000", "time": "2025-07-16T00:06:18.728097Z", "fetched_at": "2025-07-16T00:10:50.976200+00:00", "symbol": "DOGE-USD"}, {"trade_id": 139192685, "side": "buy", "size": "5.60000000", "price": "0.19840000", "time": "2025-07-16T00:06:11.731573Z", "fetched_at": "2025-07-16T00:10:50.976200+00:00", "symbol": "DOGE-USD"}, {"trade_id": 139192684, "side": "sell", "size": "6.60000000", "price": "0.19841000", "time": "2025-07-16T00:06:07.091639Z", "fetched_at": "2025-07-16T00:10:50.976200+00:00", "symbol": "DOGE-USD"}, {"trade_id": 139192683, "side": "buy", "size": "525.40000000", "price": "0.19842000", "time": "2025-07-16T00:06:06.566018Z", "fetched_at": "2025-07-16T00:10:50.976200+00:00", "symbol": "DOGE-USD"}, {"trade_id": 139192682, "side": "buy", "size": "5.60000000", "price": "0.19842000", "time": "2025-07-16T00:06:06.566018Z", "fetched_at": "2025-07-16T00:10:50.976200+00:00", "symbol": "DOGE-USD"}, {"trade_id": 139192681, "side": "buy", "size": "630.00000000", "price": "0.19845000", "time": "2025-07-16T00:06:05.860804Z", "fetched_at": "2025-07-16T00:10:50.976200+00:00", "symbol": "DOGE-USD"}, {"trade_id": 139192680, "side": "sell", "size": "1561.80000000", "price": "0.19846000", "time": "2025-07-16T00:06:04.425337Z", "fetched_at": "2025-07-16T00:10:50.976200+00:00", "symbol": "DOGE-USD"}, {"trade_id": 139192679, "side": "buy", "size": "70.20000000", "price": "0.19845000", "time": "2025-07-16T00:06:04.081685Z", "fetched_at": "2025-07-16T00:10:50.976200+00:00", "symbol": "DOGE-USD"}, {"trade_id": 139192678, "side": "buy", "size": "5.60000000", "price": "0.19844000", "time": "2025-07-16T00:06:00.856304Z", "fetched_at": "2025-07-16T00:10:50.976200+00:00", "symbol": "DOGE-USD"}, {"trade_id": 139192677, "side": "buy", "size": "702.90000000", "price": "0.19846000", "time": "2025-07-16T00:06:00.789Z", "fetched_at": "2025-07-16T00:10:50.976200+00:00", "symbol": "DOGE-USD"}, {"trade_id": 139192676, "side": "buy", "size": "5.60000000", "price": "0.19846000", "time": "2025-07-16T00:06:00.789Z", "fetched_at": "2025-07-16T00:10:50.976200+00:00", "symbol": "DOGE-USD"}, {"trade_id": 139192675, "side": "buy", "size": "82.90000000", "price": "0.19848000", "time": "2025-07-16T00:05:59.777731Z", "fetched_at": "2025-07-16T00:10:50.976200+00:00", "symbol": "DOGE-USD"}, {"trade_id": 139192674, "side": "buy", "size": "600.40000000", "price": "0.19848000", "time": "2025-07-16T00:05:59.641869Z", "fetched_at": "2025-07-16T00:10:50.976200+00:00", "symbol": "DOGE-USD"}, {"trade_id": 139192673, "side": "buy", "size": "189.30000000", "price": "0.19848000", "time": "2025-07-16T00:05:59.641869Z", "fetched_at": "2025-07-16T00:10:50.976200+00:00", "symbol": "DOGE-USD"}, {"trade_id": 139192672, "side": "sell", "size": "134.20000000", "price": "0.19850000", "time": "2025-07-16T00:05:58.804659Z", "fetched_at": "2025-07-16T00:10:50.976200+00:00", "symbol": "DOGE-USD"}, {"trade_id": 139192671, "side": "sell", "size": "540.30000000", "price": "0.19849000", "time": "2025-07-16T00:05:58.804659Z", "fetched_at": "2025-07-16T00:10:50.976200+00:00", "symbol": "DOGE-USD"}, {"trade_id": 139192670, "side": "sell", "size": "1527.90000000", "price": "0.19849000", "time": "2025-07-16T00:05:58.804659Z", "fetched_at": "2025-07-16T00:10:50.976200+00:00", "symbol": "DOGE-USD"}, {"trade_id": 139192669, "side": "sell", "size": "362.60000000", "price": "0.19849000", "time": "2025-07-16T00:05:58.804659Z", "fetched_at": "2025-07-16T00:10:50.976200+00:00", "symbol": "DOGE-USD"}, {"trade_id": 139192668, "side": "sell", "size": "1548.90000000", "price": "0.19849000", "time": "2025-07-16T00:05:58.804659Z", "fetched_at": "2025-07-16T00:10:50.976200+00:00", "symbol": "DOGE-USD"}, {"trade_id": 139192667, "side": "sell", "size": "886.00000000", "price": "0.19849000", "time": "2025-07-16T00:05:58.804659Z", "fetched_at": "2025-07-16T00:10:50.976200+00:00", "symbol": "DOGE-USD"}, {"trade_id": 139192666, "side": "sell", "size": "200.30000000", "price": "0.19853000", "time": "2025-07-16T00:05:51.865414Z", "fetched_at": "2025-07-16T00:10:50.976200+00:00", "symbol": "DOGE-USD"}, {"trade_id": 139192665, "side": "sell", "size": "700.00000000", "price": "0.19853000", "time": "2025-07-16T00:05:51.865414Z", "fetched_at": "2025-07-16T00:10:50.976200+00:00", "symbol": "DOGE-USD"}, {"trade_id": 139192664, "side": "sell", "size": "1634.60000000", "price": "0.19853000", "time": "2025-07-16T00:05:51.865414Z", "fetched_at": "2025-07-16T00:10:50.976200+00:00", "symbol": "DOGE-USD"}, {"trade_id": 139192663, "side": "sell", "size": "49.80000000", "price": "0.19852000", "time": "2025-07-16T00:05:51.389871Z", "fetched_at": "2025-07-16T00:10:50.976200+00:00", "symbol": "DOGE-USD"}, {"trade_id": 139192662, "side": "buy", "size": "186.20000000", "price": "0.19849000", "time": "2025-07-16T00:05:50.872368Z", "fetched_at": "2025-07-16T00:10:50.976200+00:00", "symbol": "DOGE-USD"}, {"trade_id": 139192661, "side": "buy", "size": "25.20000000", "price": "0.19855000", "time": "2025-07-16T00:05:50.659400Z", "fetched_at": "2025-07-16T00:10:50.976200+00:00", "symbol": "DOGE-USD"}, {"trade_id": 139192660, "side": "sell", "size": "999.00000000", "price": "0.19852000", "time": "2025-07-16T00:05:41.599154Z", "fetched_at": "2025-07-16T00:10:50.976200+00:00", "symbol": "DOGE-USD"}, {"trade_id": 139192659, "side": "sell", "size": "0.60000000", "price": "0.19849000", "time": "2025-07-16T00:05:40.711791Z", "fetched_at": "2025-07-16T00:10:50.976200+00:00", "symbol": "DOGE-USD"}, {"trade_id": 139192658, "side": "buy", "size": "4534.40000000", "price": "0.19848000", "time": "2025-07-16T00:05:39.565616Z", "fetched_at": "2025-07-16T00:10:50.976200+00:00", "symbol": "DOGE-USD"}, {"trade_id": 139192657, "side": "buy", "size": "2500.00000000", "price": "0.19848000", "time": "2025-07-16T00:05:39.565616Z", "fetched_at": "2025-07-16T00:10:50.976200+00:00", "symbol": "DOGE-USD"}, {"trade_id": 139192656, "side": "buy", "size": "5.60000000", "price": "0.19848000", "time": "2025-07-16T00:05:39.565616Z", "fetched_at": "2025-07-16T00:10:50.976200+00:00", "symbol": "DOGE-USD"}, {"trade_id": 139192655, "side": "buy", "size": "886.00000000", "price": "0.19850000", "time": "2025-07-16T00:05:39.564976Z", "fetched_at": "2025-07-16T00:10:50.976200+00:00", "symbol": "DOGE-USD"}, {"trade_id": 139192654, "side": "buy", "size": "5.60000000", "price": "0.19850000", "time": "2025-07-16T00:05:39.564976Z", "fetched_at": "2025-07-16T00:10:50.976200+00:00", "symbol": "DOGE-USD"}, {"trade_id": 139192653, "side": "buy", "size": "5.60000000", "price": "0.19852000", "time": "2025-07-16T00:05:39.564194Z", "fetched_at": "2025-07-16T00:10:50.976200+00:00", "symbol": "DOGE-USD"}, {"trade_id": 139192652, "side": "buy", "size": "5.60000000", "price": "0.19854000", "time": "2025-07-16T00:05:39.560512Z", "fetched_at": "2025-07-16T00:10:50.976200+00:00", "symbol": "DOGE-USD"}, {"trade_id": 139192651, "side": "buy", "size": "91.80000000", "price": "0.19856000", "time": "2025-07-16T00:05:39.101157Z", "fetched_at": "2025-07-16T00:10:50.976200+00:00", "symbol": "DOGE-USD"}, {"trade_id": 139192650, "side": "buy", "size": "453.80000000", "price": "0.19856000", "time": "2025-07-16T00:05:39.101157Z", "fetched_at": "2025-07-16T00:10:50.976200+00:00", "symbol": "DOGE-USD"}, {"trade_id": 139192649, "side": "buy", "size": "5.60000000", "price": "0.19856000", "time": "2025-07-16T00:05:39.101157Z", "fetched_at": "2025-07-16T00:10:50.976200+00:00", "symbol": "DOGE-USD"}, {"trade_id": 139192648, "side": "sell", "size": "238.70000000", "price": "0.19857000", "time": "2025-07-16T00:05:38.131095Z", "fetched_at": "2025-07-16T00:10:50.976200+00:00", "symbol": "DOGE-USD"}, {"trade_id": 139192647, "side": "sell", "size": "124.50000000", "price": "0.19857000", "time": "2025-07-16T00:05:37.976980Z", "fetched_at": "2025-07-16T00:10:50.976200+00:00", "symbol": "DOGE-USD"}, {"trade_id": 139192646, "side": "buy", "size": "5.60000000", "price": "0.19858000", "time": "2025-07-16T00:05:37.172677Z", "fetched_at": "2025-07-16T00:10:50.976200+00:00", "symbol": "DOGE-USD"}, {"trade_id": 139192645, "side": "buy", "size": "5.60000000", "price": "0.19860000", "time": "2025-07-16T00:05:36.432323Z", "fetched_at": "2025-07-16T00:10:50.976200+00:00", "symbol": "DOGE-USD"}, {"trade_id": 139192644, "side": "buy", "size": "5.60000000", "price": "0.19862000", "time": "2025-07-16T00:05:33.790324Z", "fetched_at": "2025-07-16T00:10:50.976200+00:00", "symbol": "DOGE-USD"}, {"trade_id": 139192643, "side": "buy", "size": "545.90000000", "price": "0.19864000", "time": "2025-07-16T00:05:32.626726Z", "fetched_at": "2025-07-16T00:10:50.976200+00:00", "symbol": "DOGE-USD"}, {"trade_id": 139192642, "side": "buy", "size": "172.60000000", "price": "0.19864000", "time": "2025-07-16T00:05:32.626726Z", "fetched_at": "2025-07-16T00:10:50.976200+00:00", "symbol": "DOGE-USD"}, {"trade_id": 139192641, "side": "sell", "size": "49.80000000", "price": "0.19865000", "time": "2025-07-16T00:05:31.821418Z", "fetched_at": "2025-07-16T00:10:50.976200+00:00", "symbol": "DOGE-USD"}, {"trade_id": 139192640, "side": "buy", "size": "661.20000000", "price": "0.19867000", "time": "2025-07-16T00:05:30.418741Z", "fetched_at": "2025-07-16T00:10:50.976200+00:00", "symbol": "DOGE-USD"}, {"trade_id": 139192639, "side": "sell", "size": "0.10000000", "price": "0.19865000", "time": "2025-07-16T00:05:20.840406Z", "fetched_at": "2025-07-16T00:10:50.976200+00:00", "symbol": "DOGE-USD"}, {"trade_id": 139192638, "side": "sell", "size": "690.40000000", "price": "0.19865000", "time": "2025-07-16T00:05:20.219751Z", "fetched_at": "2025-07-16T00:10:50.976200+00:00", "symbol": "DOGE-USD"}, {"trade_id": 139192637, "side": "sell", "size": "255.80000000", "price": "0.19865000", "time": "2025-07-16T00:05:20.179338Z", "fetched_at": "2025-07-16T00:10:50.976200+00:00", "symbol": "DOGE-USD"}, {"trade_id": 139192636, "side": "sell", "size": "5.60000000", "price": "0.19864000", "time": "2025-07-16T00:05:20.170265Z", "fetched_at": "2025-07-16T00:10:50.976200+00:00", "symbol": "DOGE-USD"}, {"trade_id": 139192635, "side": "buy", "size": "151.20000000", "price": "0.19863000", "time": "2025-07-16T00:05:19.127694Z", "fetched_at": "2025-07-16T00:10:50.976200+00:00", "symbol": "DOGE-USD"}, {"trade_id": 139192634, "side": "sell", "size": "9.90000000", "price": "0.19863000", "time": "2025-07-16T00:05:17.570563Z", "fetched_at": "2025-07-16T00:10:50.976200+00:00", "symbol": "DOGE-USD"}, {"trade_id": 139192633, "side": "sell", "size": "246.60000000", "price": "0.19860000", "time": "2025-07-16T00:05:15.485281Z", "fetched_at": "2025-07-16T00:10:50.976200+00:00", "symbol": "DOGE-USD"}, {"trade_id": 139192632, "side": "buy", "size": "739.50000000", "price": "0.19860000", "time": "2025-07-16T00:05:14.515262Z", "fetched_at": "2025-07-16T00:10:50.976200+00:00", "symbol": "DOGE-USD"}, {"trade_id": 139192631, "side": "buy", "size": "4.70000000", "price": "0.19860000", "time": "2025-07-16T00:05:12.735497Z", "fetched_at": "2025-07-16T00:10:50.976200+00:00", "symbol": "DOGE-USD"}, {"trade_id": 139192630, "side": "buy", "size": "5.60000000", "price": "0.19860000", "time": "2025-07-16T00:05:12.735497Z", "fetched_at": "2025-07-16T00:10:50.976200+00:00", "symbol": "DOGE-USD"}, {"trade_id": 139192629, "side": "buy", "size": "79.10000000", "price": "0.19864000", "time": "2025-07-16T00:05:12.301041Z", "fetched_at": "2025-07-16T00:10:50.976200+00:00", "symbol": "DOGE-USD"}, {"trade_id": 139192628, "side": "buy", "size": "789.70000000", "price": "0.19864000", "time": "2025-07-16T00:05:12.294472Z", "fetched_at": "2025-07-16T00:10:50.976200+00:00", "symbol": "DOGE-USD"}, {"trade_id": 139192627, "side": "sell", "size": "14.80000000", "price": "0.19865000", "time": "2025-07-16T00:05:12.252131Z", "fetched_at": "2025-07-16T00:10:50.976200+00:00", "symbol": "DOGE-USD"}, {"trade_id": 139192626, "side": "buy", "size": "5888.10000000", "price": "0.19854000", "time": "2025-07-16T00:05:06.909866Z", "fetched_at": "2025-07-16T00:10:50.976200+00:00", "symbol": "DOGE-USD"}, {"trade_id": 139192625, "side": "buy", "size": "5.60000000", "price": "0.19854000", "time": "2025-07-16T00:05:06.909866Z", "fetched_at": "2025-07-16T00:10:50.976200+00:00", "symbol": "DOGE-USD"}, {"trade_id": 139192624, "side": "buy", "size": "5.60000000", "price": "0.19856000", "time": "2025-07-16T00:05:06.909866Z", "fetched_at": "2025-07-16T00:10:50.976200+00:00", "symbol": "DOGE-USD"}, {"trade_id": 139192623, "side": "buy", "size": "1593.00000000", "price": "0.19856000", "time": "2025-07-16T00:05:06.909866Z", "fetched_at": "2025-07-16T00:10:50.976200+00:00", "symbol": "DOGE-USD"}, {"trade_id": 139192622, "side": "buy", "size": "4293.20000000", "price": "0.19857000", "time": "2025-07-16T00:05:06.909866Z", "fetched_at": "2025-07-16T00:10:50.976200+00:00", "symbol": "DOGE-USD"}, {"trade_id": 139192621, "side": "buy", "size": "1673.90000000", "price": "0.19857000", "time": "2025-07-16T00:05:06.909866Z", "fetched_at": "2025-07-16T00:10:50.976200+00:00", "symbol": "DOGE-USD"}, {"trade_id": 139192620, "side": "buy", "size": "4101.80000000", "price": "0.19857000", "time": "2025-07-16T00:05:06.909866Z", "fetched_at": "2025-07-16T00:10:50.976200+00:00", "symbol": "DOGE-USD"}, {"trade_id": 139192619, "side": "buy", "size": "5.60000000", "price": "0.19858000", "time": "2025-07-16T00:05:06.909866Z", "fetched_at": "2025-07-16T00:10:50.976200+00:00", "symbol": "DOGE-USD"}, {"trade_id": 139192618, "side": "buy", "size": "5.60000000", "price": "0.19860000", "time": "2025-07-16T00:05:06.909866Z", "fetched_at": "2025-07-16T00:10:50.976200+00:00", "symbol": "DOGE-USD"}, {"trade_id": 139192617, "side": "buy", "size": "1.50000000", "price": "0.19861000", "time": "2025-07-16T00:05:06.909866Z", "fetched_at": "2025-07-16T00:10:50.976200+00:00", "symbol": "DOGE-USD"}, {"trade_id": 139192616, "side": "buy", "size": "5.60000000", "price": "0.19862000", "time": "2025-07-16T00:05:06.909866Z", "fetched_at": "2025-07-16T00:10:50.976200+00:00", "symbol": "DOGE-USD"}, {"trade_id": 139192615, "side": "buy", "size": "5.60000000", "price": "0.19864000", "time": "2025-07-16T00:05:06.640885Z", "fetched_at": "2025-07-16T00:10:50.976200+00:00", "symbol": "DOGE-USD"}, {"trade_id": 139192614, "side": "buy", "size": "5.60000000", "price": "0.19866000", "time": "2025-07-16T00:05:06.543011Z", "fetched_at": "2025-07-16T00:10:50.976200+00:00", "symbol": "DOGE-USD"}, {"trade_id": 139192613, "side": "sell", "size": "8.30000000", "price": "0.19869000", "time": "2025-07-16T00:05:05.895304Z", "fetched_at": "2025-07-16T00:10:50.976200+00:00", "symbol": "DOGE-USD"}, {"trade_id": 139192612, "side": "sell", "size": "1300.10000000", "price": "0.19868000", "time": "2025-07-16T00:04:58.749928Z", "fetched_at": "2025-07-16T00:10:50.976200+00:00", "symbol": "DOGE-USD"}, {"trade_id": 139192611, "side": "buy", "size": "5.60000000", "price": "0.19868000", "time": "2025-07-16T00:04:57.335291Z", "fetched_at": "2025-07-16T00:10:50.976200+00:00", "symbol": "DOGE-USD"}, {"trade_id": 139192610, "side": "buy", "size": "700.00000000", "price": "0.19870000", "time": "2025-07-16T00:04:57.205745Z", "fetched_at": "2025-07-16T00:10:50.976200+00:00", "symbol": "DOGE-USD"}, {"trade_id": 139192609, "side": "buy", "size": "5.60000000", "price": "0.19870000", "time": "2025-07-16T00:04:57.205745Z", "fetched_at": "2025-07-16T00:10:50.976200+00:00", "symbol": "DOGE-USD"}, {"trade_id": 139192608, "side": "buy", "size": "482.70000000", "price": "0.19872000", "time": "2025-07-16T00:04:57.205745Z", "fetched_at": "2025-07-16T00:10:50.976200+00:00", "symbol": "DOGE-USD"}, {"trade_id": 139192607, "side": "buy", "size": "5.60000000", "price": "0.19872000", "time": "2025-07-16T00:04:57.205745Z", "fetched_at": "2025-07-16T00:10:50.976200+00:00", "symbol": "DOGE-USD"}, {"trade_id": 139192606, "side": "buy", "size": "576.80000000", "price": "0.19874000", "time": "2025-07-16T00:04:55.093740Z", "fetched_at": "2025-07-16T00:10:50.976200+00:00", "symbol": "DOGE-USD"}, {"trade_id": 139192605, "side": "buy", "size": "676.80000000", "price": "0.19876000", "time": "2025-07-16T00:04:54.086955Z", "fetched_at": "2025-07-16T00:10:50.976200+00:00", "symbol": "DOGE-USD"}, {"trade_id": 139192604, "side": "sell", "size": "5.60000000", "price": "0.19876000", "time": "2025-07-16T00:04:51.005870Z", "fetched_at": "2025-07-16T00:10:50.976200+00:00", "symbol": "DOGE-USD"}, {"trade_id": 139192603, "side": "sell", "size": "25.20000000", "price": "0.19874000", "time": "2025-07-16T00:04:45.896448Z", "fetched_at": "2025-07-16T00:10:50.976200+00:00", "symbol": "DOGE-USD"}, {"trade_id": 139192602, "side": "sell", "size": "5373.70000000", "price": "0.19875000", "time": "2025-07-16T00:04:45.053556Z", "fetched_at": "2025-07-16T00:10:50.976200+00:00", "symbol": "DOGE-USD"}, {"trade_id": 139192601, "side": "sell", "size": "1655.80000000", "price": "0.19875000", "time": "2025-07-16T00:04:45.053556Z", "fetched_at": "2025-07-16T00:10:50.976200+00:00", "symbol": "DOGE-USD"}, {"trade_id": 139192600, "side": "sell", "size": "29.30000000", "price": "0.19874000", "time": "2025-07-16T00:04:45.053556Z", "fetched_at": "2025-07-16T00:10:50.976200+00:00", "symbol": "DOGE-USD"}, {"trade_id": 139192599, "side": "sell", "size": "700.00000000", "price": "0.19874000", "time": "2025-07-16T00:04:45.053556Z", "fetched_at": "2025-07-16T00:10:50.976200+00:00", "symbol": "DOGE-USD"}, {"trade_id": 139192598, "side": "sell", "size": "5.60000000", "price": "0.19874000", "time": "2025-07-16T00:04:45.053556Z", "fetched_at": "2025-07-16T00:10:50.976200+00:00", "symbol": "DOGE-USD"}, {"trade_id": 139192597, "side": "sell", "size": "5.60000000", "price": "0.19872000", "time": "2025-07-16T00:04:45.053556Z", "fetched_at": "2025-07-16T00:10:50.976200+00:00", "symbol": "DOGE-USD"}, {"trade_id": 139192596, "side": "sell", "size": "912.70000000", "price": "0.19870000", "time": "2025-07-16T00:04:44.552884Z", "fetched_at": "2025-07-16T00:10:50.976200+00:00", "symbol": "DOGE-USD"}, {"trade_id": 139192595, "side": "sell", "size": "5.60000000", "price": "0.19870000", "time": "2025-07-16T00:04:44.552884Z", "fetched_at": "2025-07-16T00:10:50.976200+00:00", "symbol": "DOGE-USD"}, {"trade_id": 139192594, "side": "sell", "size": "5.60000000", "price": "0.19868000", "time": "2025-07-16T00:04:41.613187Z", "fetched_at": "2025-07-16T00:10:50.976200+00:00", "symbol": "DOGE-USD"}, {"trade_id": 139192593, "side": "buy", "size": "206.00000000", "price": "0.19867000", "time": "2025-07-16T00:04:41.393057Z", "fetched_at": "2025-07-16T00:10:50.976200+00:00", "symbol": "DOGE-USD"}, {"trade_id": 139192592, "side": "buy", "size": "177.00000000", "price": "0.19867000", "time": "2025-07-16T00:04:41.100805Z", "fetched_at": "2025-07-16T00:10:50.976200+00:00", "symbol": "DOGE-USD"}, {"trade_id": 139192591, "side": "sell", "size": "1312.50000000", "price": "0.19864000", "time": "2025-07-16T00:04:39.654582Z", "fetched_at": "2025-07-16T00:10:50.976200+00:00", "symbol": "DOGE-USD"}, {"trade_id": 139192590, "side": "buy", "size": "5.60000000", "price": "0.19864000", "time": "2025-07-16T00:04:38.819066Z", "fetched_at": "2025-07-16T00:10:50.976200+00:00", "symbol": "DOGE-USD"}, {"trade_id": 139192589, "side": "sell", "size": "228.90000000", "price": "0.19865000", "time": "2025-07-16T00:04:37.502402Z", "fetched_at": "2025-07-16T00:10:50.976200+00:00", "symbol": "DOGE-USD"}, {"trade_id": 139192588, "side": "buy", "size": "5.60000000", "price": "0.19866000", "time": "2025-07-16T00:04:37.427563Z", "fetched_at": "2025-07-16T00:10:50.976200+00:00", "symbol": "DOGE-USD"}, {"trade_id": 139192587, "side": "buy", "size": "71.30000000", "price": "0.19868000", "time": "2025-07-16T00:04:33.236595Z", "fetched_at": "2025-07-16T00:10:50.976200+00:00", "symbol": "DOGE-USD"}, {"trade_id": 139192586, "side": "buy", "size": "5.60000000", "price": "0.19868000", "time": "2025-07-16T00:04:33.236595Z", "fetched_at": "2025-07-16T00:10:50.976200+00:00", "symbol": "DOGE-USD"}, {"trade_id": 139192585, "side": "buy", "size": "37.10000000", "price": "0.19869000", "time": "2025-07-16T00:04:33.236595Z", "fetched_at": "2025-07-16T00:10:50.976200+00:00", "symbol": "DOGE-USD"}, {"trade_id": 139192584, "side": "buy", "size": "171.50000000", "price": "0.19870000", "time": "2025-07-16T00:04:33.232581Z", "fetched_at": "2025-07-16T00:10:50.976200+00:00", "symbol": "DOGE-USD"}, {"trade_id": 139192583, "side": "sell", "size": "122.20000000", "price": "0.19871000", "time": "2025-07-16T00:04:32.528746Z", "fetched_at": "2025-07-16T00:10:50.976200+00:00", "symbol": "DOGE-USD"}, {"trade_id": 139192582, "side": "sell", "size": "24.90000000", "price": "0.19871000", "time": "2025-07-16T00:04:31.286874Z", "fetched_at": "2025-07-16T00:10:50.976200+00:00", "symbol": "DOGE-USD"}, {"trade_id": 139192581, "side": "buy", "size": "7.10000000", "price": "0.19872000", "time": "2025-07-16T00:04:17.896610Z", "fetched_at": "2025-07-16T00:10:50.976200+00:00", "symbol": "DOGE-USD"}, {"trade_id": 139192580, "side": "buy", "size": "35.70000000", "price": "0.19872000", "time": "2025-07-16T00:04:17.896610Z", "fetched_at": "2025-07-16T00:10:50.976200+00:00", "symbol": "DOGE-USD"}, {"trade_id": 139192579, "side": "buy", "size": "783.20000000", "price": "0.19870000", "time": "2025-07-16T00:04:14.442382Z", "fetched_at": "2025-07-16T00:10:50.976200+00:00", "symbol": "DOGE-USD"}, {"trade_id": 139192578, "side": "buy", "size": "351.30000000", "price": "0.19871000", "time": "2025-07-16T00:04:14.442382Z", "fetched_at": "2025-07-16T00:10:50.976200+00:00", "symbol": "DOGE-USD"}, {"trade_id": 139192577, "side": "buy", "size": "5.60000000", "price": "0.19870000", "time": "2025-07-16T00:04:12.219917Z", "fetched_at": "2025-07-16T00:10:50.976200+00:00", "symbol": "DOGE-USD"}, {"trade_id": 139192576, "side": "buy", "size": "5.60000000", "price": "0.19872000", "time": "2025-07-16T00:04:07.960122Z", "fetched_at": "2025-07-16T00:10:50.976200+00:00", "symbol": "DOGE-USD"}, {"trade_id": 139192575, "side": "buy", "size": "28.80000000", "price": "0.19875000", "time": "2025-07-16T00:04:05.829453Z", "fetched_at": "2025-07-16T00:10:50.976200+00:00", "symbol": "DOGE-USD"}, {"trade_id": 139192574, "side": "buy", "size": "70.20000000", "price": "0.19877000", "time": "2025-07-16T00:04:05.829453Z", "fetched_at": "2025-07-16T00:10:50.976200+00:00", "symbol": "DOGE-USD"}, {"trade_id": 139192573, "side": "sell", "size": "5.60000000", "price": "0.19876000", "time": "2025-07-16T00:04:01.811Z", "fetched_at": "2025-07-16T00:10:50.976200+00:00", "symbol": "DOGE-USD"}, {"trade_id": 139192572, "side": "sell", "size": "12903.50000000", "price": "0.19875000", "time": "2025-07-16T00:04:01.660185Z", "fetched_at": "2025-07-16T00:10:50.976200+00:00", "symbol": "DOGE-USD"}, {"trade_id": 139192571, "side": "sell", "size": "55.80000000", "price": "0.19874000", "time": "2025-07-16T00:04:01.660185Z", "fetched_at": "2025-07-16T00:10:50.976200+00:00", "symbol": "DOGE-USD"}, {"trade_id": 139192570, "side": "sell", "size": "0.10000000", "price": "0.19872000", "time": "2025-07-16T00:04:00.995755Z", "fetched_at": "2025-07-16T00:10:50.976200+00:00", "symbol": "DOGE-USD"}, {"trade_id": 139192569, "side": "sell", "size": "700.00000000", "price": "0.19870000", "time": "2025-07-16T00:04:00.784451Z", "fetched_at": "2025-07-16T00:10:50.976200+00:00", "symbol": "DOGE-USD"}, {"trade_id": 139192568, "side": "buy", "size": "165.70000000", "price": "0.19869000", "time": "2025-07-16T00:04:00.659964Z", "fetched_at": "2025-07-16T00:10:50.976200+00:00", "symbol": "DOGE-USD"}, {"trade_id": 139192567, "side": "sell", "size": "198.70000000", "price": "0.19870000", "time": "2025-07-16T00:03:54.115292Z", "fetched_at": "2025-07-16T00:10:50.976200+00:00", "symbol": "DOGE-USD"}, {"trade_id": 139192566, "side": "buy", "size": "5.60000000", "price": "0.19870000", "time": "2025-07-16T00:03:54.012571Z", "fetched_at": "2025-07-16T00:10:50.976200+00:00", "symbol": "DOGE-USD"}, {"trade_id": 139192565, "side": "buy", "size": "5.60000000", "price": "0.19872000", "time": "2025-07-16T00:03:50.834642Z", "fetched_at": "2025-07-16T00:10:50.976200+00:00", "symbol": "DOGE-USD"}, {"trade_id": 139192564, "side": "buy", "size": "5.60000000", "price": "0.19874000", "time": "2025-07-16T00:03:48.158795Z", "fetched_at": "2025-07-16T00:10:50.976200+00:00", "symbol": "DOGE-USD"}, {"trade_id": 139192563, "side": "sell", "size": "12.30000000", "price": "0.19875000", "time": "2025-07-16T00:03:47.732191Z", "fetched_at": "2025-07-16T00:10:50.976200+00:00", "symbol": "DOGE-USD"}, {"trade_id": 139192562, "side": "buy", "size": "61.30000000", "price": "0.19875000", "time": "2025-07-16T00:03:45.369889Z", "fetched_at": "2025-07-16T00:10:50.976200+00:00", "symbol": "DOGE-USD"}, {"trade_id": 139192561, "side": "buy", "size": "11.20000000", "price": "0.19875000", "time": "2025-07-16T00:03:45.369889Z", "fetched_at": "2025-07-16T00:10:50.976200+00:00", "symbol": "DOGE-USD"}, {"trade_id": 139192560, "side": "buy", "size": "56.40000000", "price": "0.19876000", "time": "2025-07-16T00:03:41.603323Z", "fetched_at": "2025-07-16T00:10:50.976200+00:00", "symbol": "DOGE-USD"}, {"trade_id": 139192559, "side": "buy", "size": "43.20000000", "price": "0.19873000", "time": "2025-07-16T00:03:36.936448Z", "fetched_at": "2025-07-16T00:10:50.976200+00:00", "symbol": "DOGE-USD"}, {"trade_id": 139192558, "side": "buy", "size": "5.60000000", "price": "0.19874000", "time": "2025-07-16T00:03:36.936448Z", "fetched_at": "2025-07-16T00:10:50.976200+00:00", "symbol": "DOGE-USD"}, {"trade_id": 139192557, "side": "buy", "size": "5.60000000", "price": "0.19876000", "time": "2025-07-16T00:03:36.149121Z", "fetched_at": "2025-07-16T00:10:50.976200+00:00", "symbol": "DOGE-USD"}, {"trade_id": 139192556, "side": "buy", "size": "5.60000000", "price": "0.19878000", "time": "2025-07-16T00:03:36.103060Z", "fetched_at": "2025-07-16T00:10:50.976200+00:00", "symbol": "DOGE-USD"}, {"trade_id": 139192555, "side": "buy", "size": "5.60000000", "price": "0.19880000", "time": "2025-07-16T00:03:35.510062Z", "fetched_at": "2025-07-16T00:10:50.976200+00:00", "symbol": "DOGE-USD"}, {"trade_id": 139192554, "side": "buy", "size": "25.20000000", "price": "0.19881000", "time": "2025-07-16T00:03:35.459893Z", "fetched_at": "2025-07-16T00:10:50.976200+00:00", "symbol": "DOGE-USD"}, {"trade_id": 139192553, "side": "sell", "size": "198.60000000", "price": "0.19882000", "time": "2025-07-16T00:03:31.227936Z", "fetched_at": "2025-07-16T00:10:50.976200+00:00", "symbol": "DOGE-USD"}, {"trade_id": 139192552, "side": "sell", "size": "47.70000000", "price": "0.19882000", "time": "2025-07-16T00:03:29.204645Z", "fetched_at": "2025-07-16T00:10:50.976200+00:00", "symbol": "DOGE-USD"}, {"trade_id": 139192551, "side": "buy", "size": "6.10000000", "price": "0.19881000", "time": "2025-07-16T00:03:24.335913Z", "fetched_at": "2025-07-16T00:10:50.976200+00:00", "symbol": "DOGE-USD"}, {"trade_id": 139192550, "side": "sell", "size": "485.30000000", "price": "0.19882000", "time": "2025-07-16T00:03:22.612549Z", "fetched_at": "2025-07-16T00:10:50.976200+00:00", "symbol": "DOGE-USD"}, {"trade_id": 139192549, "side": "buy", "size": "690.20000000", "price": "0.19880000", "time": "2025-07-16T00:03:17.031935Z", "fetched_at": "2025-07-16T00:10:50.976200+00:00", "symbol": "DOGE-USD"}, {"trade_id": 139192548, "side": "buy", "size": "56.40000000", "price": "0.19881000", "time": "2025-07-16T00:03:17.031935Z", "fetched_at": "2025-07-16T00:10:50.976200+00:00", "symbol": "DOGE-USD"}, {"trade_id": 139192547, "side": "buy", "size": "351.30000000", "price": "0.19882000", "time": "2025-07-16T00:03:17.031935Z", "fetched_at": "2025-07-16T00:10:50.976200+00:00", "symbol": "DOGE-USD"}, {"trade_id": 139192546, "side": "sell", "size": "0.70000000", "price": "0.19885000", "time": "2025-07-16T00:03:15.283994Z", "fetched_at": "2025-07-16T00:10:50.976200+00:00", "symbol": "DOGE-USD"}, {"trade_id": 139192545, "side": "buy", "size": "56.40000000", "price": "0.19880000", "time": "2025-07-16T00:03:13.120877Z", "fetched_at": "2025-07-16T00:10:50.976200+00:00", "symbol": "DOGE-USD"}, {"trade_id": 139192544, "side": "buy", "size": "385.40000000", "price": "0.19880000", "time": "2025-07-16T00:03:13.120877Z", "fetched_at": "2025-07-16T00:10:50.976200+00:00", "symbol": "DOGE-USD"}, {"trade_id": 139192543, "side": "buy", "size": "1303.00000000", "price": "0.19883000", "time": "2025-07-16T00:03:11.082335Z", "fetched_at": "2025-07-16T00:10:50.976200+00:00", "symbol": "DOGE-USD"}, {"trade_id": 139192542, "side": "buy", "size": "1907.10000000", "price": "0.19883000", "time": "2025-07-16T00:03:11.082335Z", "fetched_at": "2025-07-16T00:10:50.976200+00:00", "symbol": "DOGE-USD"}, {"trade_id": 139192541, "side": "buy", "size": "6876.20000000", "price": "0.19883000", "time": "2025-07-16T00:03:11.082335Z", "fetched_at": "2025-07-16T00:10:50.976200+00:00", "symbol": "DOGE-USD"}, {"trade_id": 139192540, "side": "buy", "size": "4196.40000000", "price": "0.19886000", "time": "2025-07-16T00:03:11.079485Z", "fetched_at": "2025-07-16T00:10:50.976200+00:00", "symbol": "DOGE-USD"}, {"trade_id": 139192539, "side": "buy", "size": "883.40000000", "price": "0.19887000", "time": "2025-07-16T00:03:11.079485Z", "fetched_at": "2025-07-16T00:10:50.976200+00:00", "symbol": "DOGE-USD"}, {"trade_id": 139192538, "side": "buy", "size": "56.40000000", "price": "0.19887000", "time": "2025-07-16T00:03:11.079485Z", "fetched_at": "2025-07-16T00:10:50.976200+00:00", "symbol": "DOGE-USD"}, {"trade_id": 139192537, "side": "buy", "size": "6972.10000000", "price": "0.19889000", "time": "2025-07-16T00:03:11.079285Z", "fetched_at": "2025-07-16T00:10:50.976200+00:00", "symbol": "DOGE-USD"}, {"trade_id": 139192536, "side": "buy", "size": "351.30000000", "price": "0.19889000", "time": "2025-07-16T00:03:11.079285Z", "fetched_at": "2025-07-16T00:10:50.976200+00:00", "symbol": "DOGE-USD"}, {"trade_id": 139192535, "side": "buy", "size": "88.10000000", "price": "0.19889000", "time": "2025-07-16T00:03:10.847337Z", "fetched_at": "2025-07-16T00:10:50.976200+00:00", "symbol": "DOGE-USD"}, {"trade_id": 139192534, "side": "sell", "size": "5.60000000", "price": "0.19888000", "time": "2025-07-16T00:03:09.619793Z", "fetched_at": "2025-07-16T00:10:50.976200+00:00", "symbol": "DOGE-USD"}, {"trade_id": 139192533, "side": "sell", "size": "5.60000000", "price": "0.19886000", "time": "2025-07-16T00:03:09.531076Z", "fetched_at": "2025-07-16T00:10:50.976200+00:00", "symbol": "DOGE-USD"}, {"trade_id": 139192532, "side": "sell", "size": "119.90000000", "price": "0.19885000", "time": "2025-07-16T00:03:09.525568Z", "fetched_at": "2025-07-16T00:10:50.976200+00:00", "symbol": "DOGE-USD"}, {"trade_id": 139192531, "side": "sell", "size": "5.60000000", "price": "0.19884000", "time": "2025-07-16T00:03:09.498722Z", "fetched_at": "2025-07-16T00:10:50.976200+00:00", "symbol": "DOGE-USD"}, {"trade_id": 139192530, "side": "sell", "size": "56.40000000", "price": "0.19883000", "time": "2025-07-16T00:03:09.251421Z", "fetched_at": "2025-07-16T00:10:50.976200+00:00", "symbol": "DOGE-USD"}, {"trade_id": 139192529, "side": "sell", "size": "5.60000000", "price": "0.19882000", "time": "2025-07-16T00:03:09.251421Z", "fetched_at": "2025-07-16T00:10:50.976200+00:00", "symbol": "DOGE-USD"}, {"trade_id": 139192528, "side": "sell", "size": "5.60000000", "price": "0.19880000", "time": "2025-07-16T00:03:08.391660Z", "fetched_at": "2025-07-16T00:10:50.976200+00:00", "symbol": "DOGE-USD"}, {"trade_id": 139192527, "side": "buy", "size": "1223.60000000", "price": "0.19879000", "time": "2025-07-16T00:03:06.997772Z", "fetched_at": "2025-07-16T00:10:50.976200+00:00", "symbol": "DOGE-USD"}, {"trade_id": 139192526, "side": "buy", "size": "56.40000000", "price": "0.19879000", "time": "2025-07-16T00:03:06.997772Z", "fetched_at": "2025-07-16T00:10:50.976200+00:00", "symbol": "DOGE-USD"}, {"trade_id": 139192525, "side": "buy", "size": "227.70000000", "price": "0.19879000", "time": "2025-07-16T00:03:06.997772Z", "fetched_at": "2025-07-16T00:10:50.976200+00:00", "symbol": "DOGE-USD"}, {"trade_id": 139192524, "side": "buy", "size": "700.00000000", "price": "0.19879000", "time": "2025-07-16T00:03:06.997772Z", "fetched_at": "2025-07-16T00:10:50.976200+00:00", "symbol": "DOGE-USD"}, {"trade_id": 139192523, "side": "buy", "size": "351.30000000", "price": "0.19879000", "time": "2025-07-16T00:03:06.997772Z", "fetched_at": "2025-07-16T00:10:50.976200+00:00", "symbol": "DOGE-USD"}, {"trade_id": 139192522, "side": "sell", "size": "5.60000000", "price": "0.19878000", "time": "2025-07-16T00:03:02.964167Z", "fetched_at": "2025-07-16T00:10:50.976200+00:00", "symbol": "DOGE-USD"}, {"trade_id": 139192521, "side": "sell", "size": "0.10000000", "price": "0.19877000", "time": "2025-07-16T00:03:02.940659Z", "fetched_at": "2025-07-16T00:10:50.976200+00:00", "symbol": "DOGE-USD"}, {"trade_id": 139192520, "side": "sell", "size": "545.80000000", "price": "0.19877000", "time": "2025-07-16T00:03:02.938877Z", "fetched_at": "2025-07-16T00:10:50.976200+00:00", "symbol": "DOGE-USD"}, {"trade_id": 139192519, "side": "buy", "size": "883.40000000", "price": "0.19870000", "time": "2025-07-16T00:02:55.870244Z", "fetched_at": "2025-07-16T00:10:50.976200+00:00", "symbol": "DOGE-USD"}, {"trade_id": 139192518, "side": "buy", "size": "4175.90000000", "price": "0.19870000", "time": "2025-07-16T00:02:55.870244Z", "fetched_at": "2025-07-16T00:10:50.976200+00:00", "symbol": "DOGE-USD"}, {"trade_id": 139192517, "side": "buy", "size": "5.60000000", "price": "0.19870000", "time": "2025-07-16T00:02:55.870244Z", "fetched_at": "2025-07-16T00:10:50.976200+00:00", "symbol": "DOGE-USD"}, {"trade_id": 139192516, "side": "buy", "size": "56.50000000", "price": "0.19871000", "time": "2025-07-16T00:02:55.870244Z", "fetched_at": "2025-07-16T00:10:50.976200+00:00", "symbol": "DOGE-USD"}, {"trade_id": 139192515, "side": "buy", "size": "5.60000000", "price": "0.19872000", "time": "2025-07-16T00:02:55.870244Z", "fetched_at": "2025-07-16T00:10:50.976200+00:00", "symbol": "DOGE-USD"}, {"trade_id": 139192514, "side": "buy", "size": "5.60000000", "price": "0.19874000", "time": "2025-07-16T00:02:55.869118Z", "fetched_at": "2025-07-16T00:10:50.976200+00:00", "symbol": "DOGE-USD"}, {"trade_id": 139192513, "side": "buy", "size": "5.60000000", "price": "0.19876000", "time": "2025-07-16T00:02:55.018868Z", "fetched_at": "2025-07-16T00:10:50.976200+00:00", "symbol": "DOGE-USD"}, {"trade_id": 139192512, "side": "buy", "size": "3497.80000000", "price": "0.19874000", "time": "2025-07-16T00:02:43.569001Z", "fetched_at": "2025-07-16T00:10:50.976200+00:00", "symbol": "DOGE-USD"}, {"trade_id": 139192511, "side": "buy", "size": "1439.40000000", "price": "0.19875000", "time": "2025-07-16T00:02:43.569001Z", "fetched_at": "2025-07-16T00:10:50.976200+00:00", "symbol": "DOGE-USD"}, {"trade_id": 139192510, "side": "buy", "size": "883.40000000", "price": "0.19875000", "time": "2025-07-16T00:02:43.569001Z", "fetched_at": "2025-07-16T00:10:50.976200+00:00", "symbol": "DOGE-USD"}, {"trade_id": 139192509, "side": "buy", "size": "4160.60000000", "price": "0.19875000", "time": "2025-07-16T00:02:43.569001Z", "fetched_at": "2025-07-16T00:10:50.976200+00:00", "symbol": "DOGE-USD"}, {"trade_id": 139192508, "side": "buy", "size": "56.40000000", "price": "0.19876000", "time": "2025-07-16T00:02:43.569001Z", "fetched_at": "2025-07-16T00:10:50.976200+00:00", "symbol": "DOGE-USD"}, {"trade_id": 139192507, "side": "buy", "size": "70.20000000", "price": "0.19879000", "time": "2025-07-16T00:02:43.569001Z", "fetched_at": "2025-07-16T00:10:50.976200+00:00", "symbol": "DOGE-USD"}, {"trade_id": 139192506, "side": "sell", "size": "43.50000000", "price": "0.19880000", "time": "2025-07-16T00:02:42.592044Z", "fetched_at": "2025-07-16T00:10:50.976200+00:00", "symbol": "DOGE-USD"}, {"trade_id": 139192505, "side": "sell", "size": "5.60000000", "price": "0.19880000", "time": "2025-07-16T00:02:42.592044Z", "fetched_at": "2025-07-16T00:10:50.976200+00:00", "symbol": "DOGE-USD"}, {"trade_id": 139192504, "side": "sell", "size": "50.30000000", "price": "0.19879000", "time": "2025-07-16T00:02:42.592044Z", "fetched_at": "2025-07-16T00:10:50.976200+00:00", "symbol": "DOGE-USD"}, {"trade_id": 139192503, "side": "sell", "size": "5.60000000", "price": "0.19878000", "time": "2025-07-16T00:02:42.592044Z", "fetched_at": "2025-07-16T00:10:50.976200+00:00", "symbol": "DOGE-USD"}, {"trade_id": 139192502, "side": "sell", "size": "5.60000000", "price": "0.19876000", "time": "2025-07-16T00:02:42.551784Z", "fetched_at": "2025-07-16T00:10:50.976200+00:00", "symbol": "DOGE-USD"}, {"trade_id": 139192501, "side": "buy", "size": "35.60000000", "price": "0.19875000", "time": "2025-07-16T00:02:42.374167Z", "fetched_at": "2025-07-16T00:10:50.976200+00:00", "symbol": "DOGE-USD"}, {"trade_id": 139192500, "side": "sell", "size": "56.50000000", "price": "0.19874000", "time": "2025-07-16T00:02:41.141597Z", "fetched_at": "2025-07-16T00:10:50.976200+00:00", "symbol": "DOGE-USD"}, {"trade_id": 139192499, "side": "sell", "size": "420.90000000", "price": "0.19874000", "time": "2025-07-16T00:02:41.141597Z", "fetched_at": "2025-07-16T00:10:50.976200+00:00", "symbol": "DOGE-USD"}, {"trade_id": 139192498, "side": "sell", "size": "5.60000000", "price": "0.19872000", "time": "2025-07-16T00:02:41.141597Z", "fetched_at": "2025-07-16T00:10:50.976200+00:00", "symbol": "DOGE-USD"}, {"trade_id": 139192497, "side": "sell", "size": "130.50000000", "price": "0.19871000", "time": "2025-07-16T00:02:41.137451Z", "fetched_at": "2025-07-16T00:10:50.976200+00:00", "symbol": "DOGE-USD"}, {"trade_id": 139192496, "side": "sell", "size": "314.40000000", "price": "0.19871000", "time": "2025-07-16T00:02:41.137009Z", "fetched_at": "2025-07-16T00:10:50.976200+00:00", "symbol": "DOGE-USD"}, {"trade_id": 139192495, "side": "sell", "size": "10069.60000000", "price": "0.19863000", "time": "2025-07-16T00:02:40.337717Z", "fetched_at": "2025-07-16T00:10:50.976200+00:00", "symbol": "DOGE-USD"}, {"trade_id": 139192494, "side": "buy", "size": "56.50000000", "price": "0.19865000", "time": "2025-07-16T00:02:39.140422Z", "fetched_at": "2025-07-16T00:10:50.976200+00:00", "symbol": "DOGE-USD"}, {"trade_id": 139192493, "side": "buy", "size": "5172.80000000", "price": "0.19864000", "time": "2025-07-16T00:02:39.132928Z", "fetched_at": "2025-07-16T00:10:50.976200+00:00", "symbol": "DOGE-USD"}, {"trade_id": 139192492, "side": "buy", "size": "5.60000000", "price": "0.19864000", "time": "2025-07-16T00:02:39.132928Z", "fetched_at": "2025-07-16T00:10:50.976200+00:00", "symbol": "DOGE-USD"}, {"trade_id": 139192491, "side": "buy", "size": "12.40000000", "price": "0.19866000", "time": "2025-07-16T00:02:39.132928Z", "fetched_at": "2025-07-16T00:10:50.976200+00:00", "symbol": "DOGE-USD"}, {"trade_id": 139192490, "side": "buy", "size": "5.60000000", "price": "0.19866000", "time": "2025-07-16T00:02:39.132928Z", "fetched_at": "2025-07-16T00:10:50.976200+00:00", "symbol": "DOGE-USD"}, {"trade_id": 139192489, "side": "buy", "size": "5.60000000", "price": "0.19868000", "time": "2025-07-16T00:02:39.072118Z", "fetched_at": "2025-07-16T00:10:50.976200+00:00", "symbol": "DOGE-USD"}, {"trade_id": 139192488, "side": "buy", "size": "5.60000000", "price": "0.19870000", "time": "2025-07-16T00:02:38.779793Z", "fetched_at": "2025-07-16T00:10:50.976200+00:00", "symbol": "DOGE-USD"}, {"trade_id": 139192487, "side": "sell", "size": "97.80000000", "price": "0.19872000", "time": "2025-07-16T00:02:38.697850Z", "fetched_at": "2025-07-16T00:10:50.976200+00:00", "symbol": "DOGE-USD"}, {"trade_id": 139192486, "side": "buy", "size": "34.80000000", "price": "0.19871000", "time": "2025-07-16T00:02:38.360537Z", "fetched_at": "2025-07-16T00:10:50.976200+00:00", "symbol": "DOGE-USD"}, {"trade_id": 139192485, "side": "buy", "size": "34.10000000", "price": "0.19871000", "time": "2025-07-16T00:02:37.780381Z", "fetched_at": "2025-07-16T00:10:50.976200+00:00", "symbol": "DOGE-USD"}, {"trade_id": 139192484, "side": "buy", "size": "24.00000000", "price": "0.19872000", "time": "2025-07-16T00:02:36.225822Z", "fetched_at": "2025-07-16T00:10:50.976200+00:00", "symbol": "DOGE-USD"}, {"trade_id": 139192483, "side": "buy", "size": "5.60000000", "price": "0.19872000", "time": "2025-07-16T00:02:36.225822Z", "fetched_at": "2025-07-16T00:10:50.976200+00:00", "symbol": "DOGE-USD"}, {"trade_id": 139192482, "side": "buy", "size": "5.60000000", "price": "0.19874000", "time": "2025-07-16T00:02:36.225822Z", "fetched_at": "2025-07-16T00:10:50.976200+00:00", "symbol": "DOGE-USD"}, {"trade_id": 139192481, "side": "sell", "size": "50.00000000", "price": "0.19877000", "time": "2025-07-16T00:02:32.817736Z", "fetched_at": "2025-07-16T00:10:50.976200+00:00", "symbol": "DOGE-USD"}, {"trade_id": 139192480, "side": "buy", "size": "35.20000000", "price": "0.19876000", "time": "2025-07-16T00:02:32.320808Z", "fetched_at": "2025-07-16T00:10:50.976200+00:00", "symbol": "DOGE-USD"}, {"trade_id": 139192479, "side": "buy", "size": "394.50000000", "price": "0.19876000", "time": "2025-07-16T00:02:31.070456Z", "fetched_at": "2025-07-16T00:10:50.976200+00:00", "symbol": "DOGE-USD"}, {"trade_id": 139192478, "side": "buy", "size": "360.10000000", "price": "0.19879000", "time": "2025-07-16T00:02:31.070456Z", "fetched_at": "2025-07-16T00:10:50.976200+00:00", "symbol": "DOGE-USD"}, {"trade_id": 139192477, "side": "buy", "size": "1.10000000", "price": "0.19879000", "time": "2025-07-16T00:02:29.805421Z", "fetched_at": "2025-07-16T00:10:50.976200+00:00", "symbol": "DOGE-USD"}, {"trade_id": 139192476, "side": "buy", "size": "41.20000000", "price": "0.19879000", "time": "2025-07-16T00:02:29.386261Z", "fetched_at": "2025-07-16T00:10:50.976200+00:00", "symbol": "DOGE-USD"}, {"trade_id": 139192475, "side": "sell", "size": "733.50000000", "price": "0.19879000", "time": "2025-07-16T00:02:29.196420Z", "fetched_at": "2025-07-16T00:10:50.976200+00:00", "symbol": "DOGE-USD"}, {"trade_id": 139192474, "side": "sell", "size": "150.50000000", "price": "0.19878000", "time": "2025-07-16T00:02:26.402937Z", "fetched_at": "2025-07-16T00:10:50.976200+00:00", "symbol": "DOGE-USD"}, {"trade_id": 139192473, "side": "sell", "size": "165.10000000", "price": "0.19878000", "time": "2025-07-16T00:02:26.207542Z", "fetched_at": "2025-07-16T00:10:50.976200+00:00", "symbol": "DOGE-USD"}, {"trade_id": 139192472, "side": "sell", "size": "5.60000000", "price": "0.19878000", "time": "2025-07-16T00:02:26.207542Z", "fetched_at": "2025-07-16T00:10:50.976200+00:00", "symbol": "DOGE-USD"}, {"trade_id": 139192471, "side": "sell", "size": "23.70000000", "price": "0.19873000", "time": "2025-07-16T00:02:16.260770Z", "fetched_at": "2025-07-16T00:10:50.976200+00:00", "symbol": "DOGE-USD"}, {"trade_id": 139192470, "side": "buy", "size": "10000.00000000", "price": "0.19873000", "time": "2025-07-16T00:02:15.577577Z", "fetched_at": "2025-07-16T00:10:50.976200+00:00", "symbol": "DOGE-USD"}, {"trade_id": 139192469, "side": "buy", "size": "70.20000000", "price": "0.19873000", "time": "2025-07-16T00:02:15.577577Z", "fetched_at": "2025-07-16T00:10:50.976200+00:00", "symbol": "DOGE-USD"}, {"trade_id": 139192468, "side": "buy", "size": "56.40000000", "price": "0.19874000", "time": "2025-07-16T00:02:15.577577Z", "fetched_at": "2025-07-16T00:10:50.976200+00:00", "symbol": "DOGE-USD"}, {"trade_id": 139192467, "side": "buy", "size": "1491.30000000", "price": "0.19875000", "time": "2025-07-16T00:02:15.571524Z", "fetched_at": "2025-07-16T00:10:50.976200+00:00", "symbol": "DOGE-USD"}, {"trade_id": 139192466, "side": "buy", "size": "70.20000000", "price": "0.19875000", "time": "2025-07-16T00:02:15.571524Z", "fetched_at": "2025-07-16T00:10:50.976200+00:00", "symbol": "DOGE-USD"}, {"trade_id": 139192465, "side": "sell", "size": "19.40000000", "price": "0.19878000", "time": "2025-07-16T00:02:13.724698Z", "fetched_at": "2025-07-16T00:10:50.976200+00:00", "symbol": "DOGE-USD"}, {"trade_id": 139192464, "side": "sell", "size": "5.60000000", "price": "0.19878000", "time": "2025-07-16T00:02:13.724698Z", "fetched_at": "2025-07-16T00:10:50.976200+00:00", "symbol": "DOGE-USD"}, {"trade_id": 139192463, "side": "buy", "size": "5.60000000", "price": "0.19874000", "time": "2025-07-16T00:02:05.352275Z", "fetched_at": "2025-07-16T00:10:50.976200+00:00", "symbol": "DOGE-USD"}, {"trade_id": 139192462, "side": "sell", "size": "401.00000000", "price": "0.19875000", "time": "2025-07-16T00:02:03.539107Z", "fetched_at": "2025-07-16T00:10:50.976200+00:00", "symbol": "DOGE-USD"}, {"trade_id": 139192461, "side": "buy", "size": "53.20000000", "price": "0.19875000", "time": "2025-07-16T00:02:02.809321Z", "fetched_at": "2025-07-16T00:10:50.976200+00:00", "symbol": "DOGE-USD"}, {"trade_id": 139192460, "side": "buy", "size": "5745.40000000", "price": "0.19877000", "time": "2025-07-16T00:02:02.657823Z", "fetched_at": "2025-07-16T00:10:50.976200+00:00", "symbol": "DOGE-USD"}, {"trade_id": 139192459, "side": "buy", "size": "18758.70000000", "price": "0.19878000", "time": "2025-07-16T00:02:02.495435Z", "fetched_at": "2025-07-16T00:10:50.976200+00:00", "symbol": "DOGE-USD"}, {"trade_id": 139192458, "side": "sell", "size": "5.60000000", "price": "0.19880000", "time": "2025-07-16T00:02:00.642663Z", "fetched_at": "2025-07-16T00:10:50.976200+00:00", "symbol": "DOGE-USD"}, {"trade_id": 139192457, "side": "sell", "size": "883.40000000", "price": "0.19879000", "time": "2025-07-16T00:02:00.639594Z", "fetched_at": "2025-07-16T00:10:50.976200+00:00", "symbol": "DOGE-USD"}, {"trade_id": 139192456, "side": "sell", "size": "1803.10000000", "price": "0.19879000", "time": "2025-07-16T00:02:00.639594Z", "fetched_at": "2025-07-16T00:10:50.976200+00:00", "symbol": "DOGE-USD"}, {"trade_id": 139192455, "side": "sell", "size": "1314.70000000", "price": "0.19879000", "time": "2025-07-16T00:02:00.639594Z", "fetched_at": "2025-07-16T00:10:50.976200+00:00", "symbol": "DOGE-USD"}, {"trade_id": 139192454, "side": "sell", "size": "1945.30000000", "price": "0.19879000", "time": "2025-07-16T00:02:00.639594Z", "fetched_at": "2025-07-16T00:10:50.976200+00:00", "symbol": "DOGE-USD"}, {"trade_id": 139192453, "side": "sell", "size": "6170.10000000", "price": "0.19879000", "time": "2025-07-16T00:02:00.635368Z", "fetched_at": "2025-07-16T00:10:50.976200+00:00", "symbol": "DOGE-USD"}, {"trade_id": 139192452, "side": "sell", "size": "5072.60000000", "price": "0.19879000", "time": "2025-07-16T00:02:00.635337Z", "fetched_at": "2025-07-16T00:10:50.976200+00:00", "symbol": "DOGE-USD"}, {"trade_id": 139192451, "side": "sell", "size": "2232.60000000", "price": "0.19879000", "time": "2025-07-16T00:02:00.634717Z", "fetched_at": "2025-07-16T00:10:50.976200+00:00", "symbol": "DOGE-USD"}, {"trade_id": 139192450, "side": "sell", "size": "3361.80000000", "price": "0.19879000", "time": "2025-07-16T00:02:00.633861Z", "fetched_at": "2025-07-16T00:10:50.976200+00:00", "symbol": "DOGE-USD"}, {"trade_id": 139192449, "side": "sell", "size": "3019.60000000", "price": "0.19878000", "time": "2025-07-16T00:02:00.633861Z", "fetched_at": "2025-07-16T00:10:50.976200+00:00", "symbol": "DOGE-USD"}, {"trade_id": 139192448, "side": "sell", "size": "8207.90000000", "price": "0.19878000", "time": "2025-07-16T00:02:00.631382Z", "fetched_at": "2025-07-16T00:10:50.976200+00:00", "symbol": "DOGE-USD"}, {"trade_id": 139192447, "side": "sell", "size": "3599.50000000", "price": "0.19878000", "time": "2025-07-16T00:02:00.631077Z", "fetched_at": "2025-07-16T00:10:50.976200+00:00", "symbol": "DOGE-USD"}, {"trade_id": 139192446, "side": "sell", "size": "10062.50000000", "price": "0.19878000", "time": "2025-07-16T00:02:00.631077Z", "fetched_at": "2025-07-16T00:10:50.976200+00:00", "symbol": "DOGE-USD"}, {"trade_id": 139192445, "side": "sell", "size": "1655.80000000", "price": "0.19878000", "time": "2025-07-16T00:02:00.631077Z", "fetched_at": "2025-07-16T00:10:50.976200+00:00", "symbol": "DOGE-USD"}