[{"trade_id": 139194289, "side": "buy", "size": "1500.00000000", "price": "0.19900000", "time": "2025-07-16T00:23:24.131166Z", "fetched_at": "2025-07-16T00:23:25.228417+00:00", "symbol": "DOGE-USD"}, {"trade_id": 139194288, "side": "buy", "size": "5.60000000", "price": "0.19900000", "time": "2025-07-16T00:23:24.131166Z", "fetched_at": "2025-07-16T00:23:25.228417+00:00", "symbol": "DOGE-USD"}, {"trade_id": 139194287, "side": "buy", "size": "1500.00000000", "price": "0.19901000", "time": "2025-07-16T00:23:24.054655Z", "fetched_at": "2025-07-16T00:23:25.228417+00:00", "symbol": "DOGE-USD"}, {"trade_id": 139194286, "side": "buy", "size": "697.30000000", "price": "0.19902000", "time": "2025-07-16T00:23:24.054655Z", "fetched_at": "2025-07-16T00:23:25.228417+00:00", "symbol": "DOGE-USD"}, {"trade_id": 139194285, "side": "buy", "size": "1749.00000000", "price": "0.19902000", "time": "2025-07-16T00:23:24.033358Z", "fetched_at": "2025-07-16T00:23:25.228417+00:00", "symbol": "DOGE-USD"}, {"trade_id": 139194284, "side": "buy", "size": "56.40000000", "price": "0.19902000", "time": "2025-07-16T00:23:24.033358Z", "fetched_at": "2025-07-16T00:23:25.228417+00:00", "symbol": "DOGE-USD"}, {"trade_id": 139194283, "side": "buy", "size": "1675.80000000", "price": "0.19902000", "time": "2025-07-16T00:23:24.033358Z", "fetched_at": "2025-07-16T00:23:25.228417+00:00", "symbol": "DOGE-USD"}, {"trade_id": 139194282, "side": "buy", "size": "5.60000000", "price": "0.19902000", "time": "2025-07-16T00:23:24.033358Z", "fetched_at": "2025-07-16T00:23:25.228417+00:00", "symbol": "DOGE-USD"}, {"trade_id": 139194281, "side": "buy", "size": "5.60000000", "price": "0.19904000", "time": "2025-07-16T00:23:24.033358Z", "fetched_at": "2025-07-16T00:23:25.228417+00:00", "symbol": "DOGE-USD"}, {"trade_id": 139194280, "side": "buy", "size": "5.60000000", "price": "0.19906000", "time": "2025-07-16T00:23:23.991938Z", "fetched_at": "2025-07-16T00:23:25.228417+00:00", "symbol": "DOGE-USD"}, {"trade_id": 139194279, "side": "buy", "size": "5.60000000", "price": "0.19908000", "time": "2025-07-16T00:23:23.945664Z", "fetched_at": "2025-07-16T00:23:25.228417+00:00", "symbol": "DOGE-USD"}, {"trade_id": 139194278, "side": "buy", "size": "5.60000000", "price": "0.19910000", "time": "2025-07-16T00:23:23.869959Z", "fetched_at": "2025-07-16T00:23:25.228417+00:00", "symbol": "DOGE-USD"}, {"trade_id": 139194277, "side": "buy", "size": "5.60000000", "price": "0.19912000", "time": "2025-07-16T00:23:23.806470Z", "fetched_at": "2025-07-16T00:23:25.228417+00:00", "symbol": "DOGE-USD"}, {"trade_id": 139194276, "side": "buy", "size": "5.60000000", "price": "0.19914000", "time": "2025-07-16T00:23:23.736474Z", "fetched_at": "2025-07-16T00:23:25.228417+00:00", "symbol": "DOGE-USD"}, {"trade_id": 139194275, "side": "buy", "size": "5.60000000", "price": "0.19916000", "time": "2025-07-16T00:23:23.698944Z", "fetched_at": "2025-07-16T00:23:25.228417+00:00", "symbol": "DOGE-USD"}, {"trade_id": 139194274, "side": "sell", "size": "883.10000000", "price": "0.19922000", "time": "2025-07-16T00:23:22.259298Z", "fetched_at": "2025-07-16T00:23:25.228417+00:00", "symbol": "DOGE-USD"}, {"trade_id": 139194273, "side": "sell", "size": "5.30000000", "price": "0.19921000", "time": "2025-07-16T00:23:22.255676Z", "fetched_at": "2025-07-16T00:23:25.228417+00:00", "symbol": "DOGE-USD"}, {"trade_id": 139194272, "side": "sell", "size": "13174.50000000", "price": "0.19923000", "time": "2025-07-16T00:23:20.815363Z", "fetched_at": "2025-07-16T00:23:25.228417+00:00", "symbol": "DOGE-USD"}, {"trade_id": 139194271, "side": "sell", "size": "1675.80000000", "price": "0.19923000", "time": "2025-07-16T00:23:20.815363Z", "fetched_at": "2025-07-16T00:23:25.228417+00:00", "symbol": "DOGE-USD"}, {"trade_id": 139194270, "side": "sell", "size": "10000.00000000", "price": "0.19923000", "time": "2025-07-16T00:23:20.815363Z", "fetched_at": "2025-07-16T00:23:25.228417+00:00", "symbol": "DOGE-USD"}, {"trade_id": 139194269, "side": "sell", "size": "6.00000000", "price": "0.19921000", "time": "2025-07-16T00:23:20.815363Z", "fetched_at": "2025-07-16T00:23:25.228417+00:00", "symbol": "DOGE-USD"}, {"trade_id": 139194268, "side": "sell", "size": "10000.00000000", "price": "0.19922000", "time": "2025-07-16T00:23:20.810321Z", "fetched_at": "2025-07-16T00:23:25.228417+00:00", "symbol": "DOGE-USD"}, {"trade_id": 139194267, "side": "sell", "size": "5.60000000", "price": "0.19922000", "time": "2025-07-16T00:23:20.810321Z", "fetched_at": "2025-07-16T00:23:25.228417+00:00", "symbol": "DOGE-USD"}, {"trade_id": 139194266, "side": "sell", "size": "6.00000000", "price": "0.19921000", "time": "2025-07-16T00:23:20.810321Z", "fetched_at": "2025-07-16T00:23:25.228417+00:00", "symbol": "DOGE-USD"}, {"trade_id": 139194265, "side": "sell", "size": "883.10000000", "price": "0.19921000", "time": "2025-07-16T00:23:20.810321Z", "fetched_at": "2025-07-16T00:23:25.228417+00:00", "symbol": "DOGE-USD"}, {"trade_id": 139194264, "side": "sell", "size": "883.10000000", "price": "0.19920000", "time": "2025-07-16T00:23:20.810321Z", "fetched_at": "2025-07-16T00:23:25.228417+00:00", "symbol": "DOGE-USD"}, {"trade_id": 139194263, "side": "sell", "size": "5.60000000", "price": "0.19920000", "time": "2025-07-16T00:23:20.810321Z", "fetched_at": "2025-07-16T00:23:25.228417+00:00", "symbol": "DOGE-USD"}, {"trade_id": 139194262, "side": "sell", "size": "23.80000000", "price": "0.19918000", "time": "2025-07-16T00:23:15.680572Z", "fetched_at": "2025-07-16T00:23:25.228417+00:00", "symbol": "DOGE-USD"}, {"trade_id": 139194261, "side": "sell", "size": "97.60000000", "price": "0.19918000", "time": "2025-07-16T00:23:15.551382Z", "fetched_at": "2025-07-16T00:23:25.228417+00:00", "symbol": "DOGE-USD"}, {"trade_id": 139194260, "side": "buy", "size": "4108.40000000", "price": "0.19917000", "time": "2025-07-16T00:23:11.360267Z", "fetched_at": "2025-07-16T00:23:25.228417+00:00", "symbol": "DOGE-USD"}, {"trade_id": 139194259, "side": "buy", "size": "1935.70000000", "price": "0.19915000", "time": "2025-07-16T00:23:11.346210Z", "fetched_at": "2025-07-16T00:23:25.228417+00:00", "symbol": "DOGE-USD"}, {"trade_id": 139194258, "side": "buy", "size": "1362.00000000", "price": "0.19915000", "time": "2025-07-16T00:23:11.346210Z", "fetched_at": "2025-07-16T00:23:25.228417+00:00", "symbol": "DOGE-USD"}, {"trade_id": 139194257, "side": "buy", "size": "86.90000000", "price": "0.19915000", "time": "2025-07-16T00:23:11.346210Z", "fetched_at": "2025-07-16T00:23:25.228417+00:00", "symbol": "DOGE-USD"}, {"trade_id": 139194256, "side": "buy", "size": "5021.00000000", "price": "0.19916000", "time": "2025-07-16T00:23:11.346210Z", "fetched_at": "2025-07-16T00:23:25.228417+00:00", "symbol": "DOGE-USD"}, {"trade_id": 139194255, "side": "buy", "size": "56.30000000", "price": "0.19917000", "time": "2025-07-16T00:23:11.346004Z", "fetched_at": "2025-07-16T00:23:25.228417+00:00", "symbol": "DOGE-USD"}, {"trade_id": 139194254, "side": "buy", "size": "4052.10000000", "price": "0.19917000", "time": "2025-07-16T00:23:11.346004Z", "fetched_at": "2025-07-16T00:23:25.228417+00:00", "symbol": "DOGE-USD"}, {"trade_id": 139194253, "side": "buy", "size": "0.20000000", "price": "0.19919000", "time": "2025-07-16T00:23:07.464317Z", "fetched_at": "2025-07-16T00:23:25.228417+00:00", "symbol": "DOGE-USD"}, {"trade_id": 139194252, "side": "sell", "size": "5.60000000", "price": "0.19918000", "time": "2025-07-16T00:23:03.033519Z", "fetched_at": "2025-07-16T00:23:25.228417+00:00", "symbol": "DOGE-USD"}, {"trade_id": 139194251, "side": "sell", "size": "2000.00000000", "price": "0.19917000", "time": "2025-07-16T00:23:03.025250Z", "fetched_at": "2025-07-16T00:23:25.228417+00:00", "symbol": "DOGE-USD"}, {"trade_id": 139194250, "side": "sell", "size": "6.00000000", "price": "0.19916000", "time": "2025-07-16T00:23:03.025250Z", "fetched_at": "2025-07-16T00:23:25.228417+00:00", "symbol": "DOGE-USD"}, {"trade_id": 139194249, "side": "sell", "size": "5.60000000", "price": "0.19916000", "time": "2025-07-16T00:23:03.025250Z", "fetched_at": "2025-07-16T00:23:25.228417+00:00", "symbol": "DOGE-USD"}, {"trade_id": 139194248, "side": "sell", "size": "6.20000000", "price": "0.19913000", "time": "2025-07-16T00:22:58.617365Z", "fetched_at": "2025-07-16T00:23:25.228417+00:00", "symbol": "DOGE-USD"}, {"trade_id": 139194247, "side": "buy", "size": "1128.50000000", "price": "0.19910000", "time": "2025-07-16T00:22:58.517314Z", "fetched_at": "2025-07-16T00:23:25.228417+00:00", "symbol": "DOGE-USD"}, {"trade_id": 139194246, "side": "buy", "size": "1652.20000000", "price": "0.19910000", "time": "2025-07-16T00:22:58.517314Z", "fetched_at": "2025-07-16T00:23:25.228417+00:00", "symbol": "DOGE-USD"}, {"trade_id": 139194245, "side": "buy", "size": "5.60000000", "price": "0.19910000", "time": "2025-07-16T00:22:58.517314Z", "fetched_at": "2025-07-16T00:23:25.228417+00:00", "symbol": "DOGE-USD"}, {"trade_id": 139194244, "side": "buy", "size": "700.00000000", "price": "0.19912000", "time": "2025-07-16T00:22:58.517314Z", "fetched_at": "2025-07-16T00:23:25.228417+00:00", "symbol": "DOGE-USD"}, {"trade_id": 139194243, "side": "buy", "size": "1026.60000000", "price": "0.19912000", "time": "2025-07-16T00:22:58.517314Z", "fetched_at": "2025-07-16T00:23:25.228417+00:00", "symbol": "DOGE-USD"}, {"trade_id": 139194242, "side": "buy", "size": "448.20000000", "price": "0.19912000", "time": "2025-07-16T00:22:58.517314Z", "fetched_at": "2025-07-16T00:23:25.228417+00:00", "symbol": "DOGE-USD"}, {"trade_id": 139194241, "side": "buy", "size": "491.20000000", "price": "0.19912000", "time": "2025-07-16T00:22:58.517314Z", "fetched_at": "2025-07-16T00:23:25.228417+00:00", "symbol": "DOGE-USD"}, {"trade_id": 139194240, "side": "buy", "size": "77.90000000", "price": "0.19912000", "time": "2025-07-16T00:22:58.517314Z", "fetched_at": "2025-07-16T00:23:25.228417+00:00", "symbol": "DOGE-USD"}, {"trade_id": 139194239, "side": "buy", "size": "9.30000000", "price": "0.19912000", "time": "2025-07-16T00:22:58.517314Z", "fetched_at": "2025-07-16T00:23:25.228417+00:00", "symbol": "DOGE-USD"}, {"trade_id": 139194238, "side": "buy", "size": "1.90000000", "price": "0.19912000", "time": "2025-07-16T00:22:57.003686Z", "fetched_at": "2025-07-16T00:23:25.228417+00:00", "symbol": "DOGE-USD"}, {"trade_id": 139194237, "side": "sell", "size": "4802.30000000", "price": "0.19915000", "time": "2025-07-16T00:22:52.522993Z", "fetched_at": "2025-07-16T00:23:25.228417+00:00", "symbol": "DOGE-USD"}, {"trade_id": 139194236, "side": "sell", "size": "1675.80000000", "price": "0.19915000", "time": "2025-07-16T00:22:52.522993Z", "fetched_at": "2025-07-16T00:23:25.228417+00:00", "symbol": "DOGE-USD"}, {"trade_id": 139194235, "side": "sell", "size": "10000.00000000", "price": "0.19915000", "time": "2025-07-16T00:22:52.522993Z", "fetched_at": "2025-07-16T00:23:25.228417+00:00", "symbol": "DOGE-USD"}, {"trade_id": 139194234, "side": "sell", "size": "1593.00000000", "price": "0.19915000", "time": "2025-07-16T00:22:52.522993Z", "fetched_at": "2025-07-16T00:23:25.228417+00:00", "symbol": "DOGE-USD"}, {"trade_id": 139194233, "side": "sell", "size": "5280.00000000", "price": "0.19914000", "time": "2025-07-16T00:22:52.522220Z", "fetched_at": "2025-07-16T00:23:25.228417+00:00", "symbol": "DOGE-USD"}, {"trade_id": 139194232, "side": "sell", "size": "1675.80000000", "price": "0.19914000", "time": "2025-07-16T00:22:52.522220Z", "fetched_at": "2025-07-16T00:23:25.228417+00:00", "symbol": "DOGE-USD"}, {"trade_id": 139194231, "side": "sell", "size": "5.60000000", "price": "0.19914000", "time": "2025-07-16T00:22:52.522220Z", "fetched_at": "2025-07-16T00:23:25.228417+00:00", "symbol": "DOGE-USD"}, {"trade_id": 139194230, "side": "sell", "size": "283.50000000", "price": "0.19913000", "time": "2025-07-16T00:22:52.270984Z", "fetched_at": "2025-07-16T00:23:25.228417+00:00", "symbol": "DOGE-USD"}, {"trade_id": 139194229, "side": "sell", "size": "700.00000000", "price": "0.19913000", "time": "2025-07-16T00:22:52.270984Z", "fetched_at": "2025-07-16T00:23:25.228417+00:00", "symbol": "DOGE-USD"}, {"trade_id": 139194228, "side": "sell", "size": "5.60000000", "price": "0.19912000", "time": "2025-07-16T00:22:52.270984Z", "fetched_at": "2025-07-16T00:23:25.228417+00:00", "symbol": "DOGE-USD"}, {"trade_id": 139194227, "side": "sell", "size": "5.60000000", "price": "0.19910000", "time": "2025-07-16T00:22:52.270984Z", "fetched_at": "2025-07-16T00:23:25.228417+00:00", "symbol": "DOGE-USD"}, {"trade_id": 139194226, "side": "sell", "size": "5299.70000000", "price": "0.19909000", "time": "2025-07-16T00:22:50.882758Z", "fetched_at": "2025-07-16T00:23:25.228417+00:00", "symbol": "DOGE-USD"}, {"trade_id": 139194225, "side": "sell", "size": "5.60000000", "price": "0.19908000", "time": "2025-07-16T00:22:50.805981Z", "fetched_at": "2025-07-16T00:23:25.228417+00:00", "symbol": "DOGE-USD"}, {"trade_id": 139194224, "side": "sell", "size": "5.60000000", "price": "0.19906000", "time": "2025-07-16T00:22:50.606200Z", "fetched_at": "2025-07-16T00:23:25.228417+00:00", "symbol": "DOGE-USD"}, {"trade_id": 139194223, "side": "sell", "size": "1430.10000000", "price": "0.19905000", "time": "2025-07-16T00:22:48.787532Z", "fetched_at": "2025-07-16T00:23:25.228417+00:00", "symbol": "DOGE-USD"}, {"trade_id": 139194222, "side": "sell", "size": "5.60000000", "price": "0.19904000", "time": "2025-07-16T00:22:48.593782Z", "fetched_at": "2025-07-16T00:23:25.228417+00:00", "symbol": "DOGE-USD"}, {"trade_id": 139194221, "side": "buy", "size": "507.40000000", "price": "0.19903000", "time": "2025-07-16T00:22:38.227304Z", "fetched_at": "2025-07-16T00:23:25.228417+00:00", "symbol": "DOGE-USD"}, {"trade_id": 139194220, "side": "buy", "size": "0.50000000", "price": "0.19903000", "time": "2025-07-16T00:22:36.601662Z", "fetched_at": "2025-07-16T00:23:25.228417+00:00", "symbol": "DOGE-USD"}, {"trade_id": 139194219, "side": "sell", "size": "67.00000000", "price": "0.19902000", "time": "2025-07-16T00:22:35.159699Z", "fetched_at": "2025-07-16T00:23:25.228417+00:00", "symbol": "DOGE-USD"}, {"trade_id": 139194218, "side": "buy", "size": "237.90000000", "price": "0.19901000", "time": "2025-07-16T00:22:31.812466Z", "fetched_at": "2025-07-16T00:23:25.228417+00:00", "symbol": "DOGE-USD"}, {"trade_id": 139194217, "side": "buy", "size": "5.60000000", "price": "0.19900000", "time": "2025-07-16T00:22:27.962146Z", "fetched_at": "2025-07-16T00:23:25.228417+00:00", "symbol": "DOGE-USD"}, {"trade_id": 139194216, "side": "buy", "size": "5.60000000", "price": "0.19902000", "time": "2025-07-16T00:22:27.589040Z", "fetched_at": "2025-07-16T00:23:25.228417+00:00", "symbol": "DOGE-USD"}, {"trade_id": 139194215, "side": "buy", "size": "5.60000000", "price": "0.19904000", "time": "2025-07-16T00:22:27.537222Z", "fetched_at": "2025-07-16T00:23:25.228417+00:00", "symbol": "DOGE-USD"}, {"trade_id": 139194214, "side": "buy", "size": "5.60000000", "price": "0.19906000", "time": "2025-07-16T00:22:25.430821Z", "fetched_at": "2025-07-16T00:23:25.228417+00:00", "symbol": "DOGE-USD"}, {"trade_id": 139194213, "side": "buy", "size": "5.60000000", "price": "0.19908000", "time": "2025-07-16T00:22:24.359484Z", "fetched_at": "2025-07-16T00:23:25.228417+00:00", "symbol": "DOGE-USD"}, {"trade_id": 139194212, "side": "buy", "size": "125.60000000", "price": "0.19913000", "time": "2025-07-16T00:22:20.198757Z", "fetched_at": "2025-07-16T00:23:25.228417+00:00", "symbol": "DOGE-USD"}, {"trade_id": 139194211, "side": "buy", "size": "16.60000000", "price": "0.19915000", "time": "2025-07-16T00:22:19.730224Z", "fetched_at": "2025-07-16T00:23:25.228417+00:00", "symbol": "DOGE-USD"}, {"trade_id": 139194210, "side": "sell", "size": "5.60000000", "price": "0.19914000", "time": "2025-07-16T00:22:19.716668Z", "fetched_at": "2025-07-16T00:23:25.228417+00:00", "symbol": "DOGE-USD"}, {"trade_id": 139194209, "side": "sell", "size": "883.10000000", "price": "0.19912000", "time": "2025-07-16T00:22:19.306210Z", "fetched_at": "2025-07-16T00:23:25.228417+00:00", "symbol": "DOGE-USD"}, {"trade_id": 139194208, "side": "sell", "size": "5.60000000", "price": "0.19912000", "time": "2025-07-16T00:22:19.306210Z", "fetched_at": "2025-07-16T00:23:25.228417+00:00", "symbol": "DOGE-USD"}, {"trade_id": 139194207, "side": "sell", "size": "2000.00000000", "price": "0.19910000", "time": "2025-07-16T00:22:19.298983Z", "fetched_at": "2025-07-16T00:23:25.228417+00:00", "symbol": "DOGE-USD"}, {"trade_id": 139194206, "side": "sell", "size": "243.10000000", "price": "0.19910000", "time": "2025-07-16T00:22:19.298983Z", "fetched_at": "2025-07-16T00:23:25.228417+00:00", "symbol": "DOGE-USD"}, {"trade_id": 139194205, "side": "sell", "size": "6.60000000", "price": "0.19909000", "time": "2025-07-16T00:22:19.298963Z", "fetched_at": "2025-07-16T00:23:25.228417+00:00", "symbol": "DOGE-USD"}, {"trade_id": 139194204, "side": "sell", "size": "32.70000000", "price": "0.19906000", "time": "2025-07-16T00:22:16.880426Z", "fetched_at": "2025-07-16T00:23:25.228417+00:00", "symbol": "DOGE-USD"}, {"trade_id": 139194203, "side": "sell", "size": "2000.00000000", "price": "0.19906000", "time": "2025-07-16T00:22:13.774957Z", "fetched_at": "2025-07-16T00:23:25.228417+00:00", "symbol": "DOGE-USD"}, {"trade_id": 139194202, "side": "sell", "size": "5024.60000000", "price": "0.19906000", "time": "2025-07-16T00:22:13.774957Z", "fetched_at": "2025-07-16T00:23:25.228417+00:00", "symbol": "DOGE-USD"}, {"trade_id": 139194201, "side": "sell", "size": "883.10000000", "price": "0.19906000", "time": "2025-07-16T00:22:13.774957Z", "fetched_at": "2025-07-16T00:23:25.228417+00:00", "symbol": "DOGE-USD"}, {"trade_id": 139194200, "side": "sell", "size": "3.90000000", "price": "0.19905000", "time": "2025-07-16T00:22:11.342694Z", "fetched_at": "2025-07-16T00:23:25.228417+00:00", "symbol": "DOGE-USD"}, {"trade_id": 139194199, "side": "buy", "size": "1431.80000000", "price": "0.19904000", "time": "2025-07-16T00:22:06.790604Z", "fetched_at": "2025-07-16T00:23:25.228417+00:00", "symbol": "DOGE-USD"}, {"trade_id": 139194198, "side": "buy", "size": "1675.80000000", "price": "0.19904000", "time": "2025-07-16T00:22:06.790604Z", "fetched_at": "2025-07-16T00:23:25.228417+00:00", "symbol": "DOGE-USD"}, {"trade_id": 139194197, "side": "buy", "size": "1434.20000000", "price": "0.19904000", "time": "2025-07-16T00:22:03.265316Z", "fetched_at": "2025-07-16T00:23:25.228417+00:00", "symbol": "DOGE-USD"}, {"trade_id": 139194196, "side": "buy", "size": "774.40000000", "price": "0.19904000", "time": "2025-07-16T00:22:03.265316Z", "fetched_at": "2025-07-16T00:23:25.228417+00:00", "symbol": "DOGE-USD"}, {"trade_id": 139194195, "side": "buy", "size": "700.00000000", "price": "0.19904000", "time": "2025-07-16T00:22:03.265316Z", "fetched_at": "2025-07-16T00:23:25.228417+00:00", "symbol": "DOGE-USD"}, {"trade_id": 139194194, "side": "buy", "size": "12.40000000", "price": "0.19904000", "time": "2025-07-16T00:22:03.265316Z", "fetched_at": "2025-07-16T00:23:25.228417+00:00", "symbol": "DOGE-USD"}, {"trade_id": 139194193, "side": "buy", "size": "56.40000000", "price": "0.19904000", "time": "2025-07-16T00:22:03.265316Z", "fetched_at": "2025-07-16T00:23:25.228417+00:00", "symbol": "DOGE-USD"}, {"trade_id": 139194192, "side": "buy", "size": "5.60000000", "price": "0.19904000", "time": "2025-07-16T00:22:03.265316Z", "fetched_at": "2025-07-16T00:23:25.228417+00:00", "symbol": "DOGE-USD"}, {"trade_id": 139194191, "side": "buy", "size": "5.60000000", "price": "0.19904000", "time": "2025-07-16T00:21:57.213934Z", "fetched_at": "2025-07-16T00:23:25.228417+00:00", "symbol": "DOGE-USD"}, {"trade_id": 139194190, "side": "sell", "size": "476.20000000", "price": "0.19905000", "time": "2025-07-16T00:21:51.322822Z", "fetched_at": "2025-07-16T00:23:25.228417+00:00", "symbol": "DOGE-USD"}, {"trade_id": 139194189, "side": "buy", "size": "5.60000000", "price": "0.19908000", "time": "2025-07-16T00:21:50.700791Z", "fetched_at": "2025-07-16T00:23:25.228417+00:00", "symbol": "DOGE-USD"}, {"trade_id": 139194188, "side": "buy", "size": "144.40000000", "price": "0.19906000", "time": "2025-07-16T00:21:44.468997Z", "fetched_at": "2025-07-16T00:23:25.228417+00:00", "symbol": "DOGE-USD"}, {"trade_id": 139194187, "side": "buy", "size": "5.60000000", "price": "0.19906000", "time": "2025-07-16T00:21:44.468997Z", "fetched_at": "2025-07-16T00:23:25.228417+00:00", "symbol": "DOGE-USD"}, {"trade_id": 139194186, "side": "buy", "size": "5.60000000", "price": "0.19908000", "time": "2025-07-16T00:21:44.468997Z", "fetched_at": "2025-07-16T00:23:25.228417+00:00", "symbol": "DOGE-USD"}, {"trade_id": 139194185, "side": "buy", "size": "1998.60000000", "price": "0.19910000", "time": "2025-07-16T00:21:43.672671Z", "fetched_at": "2025-07-16T00:23:25.228417+00:00", "symbol": "DOGE-USD"}, {"trade_id": 139194184, "side": "buy", "size": "5650.40000000", "price": "0.19910000", "time": "2025-07-16T00:21:43.672671Z", "fetched_at": "2025-07-16T00:23:25.228417+00:00", "symbol": "DOGE-USD"}, {"trade_id": 139194183, "side": "buy", "size": "1593.80000000", "price": "0.19910000", "time": "2025-07-16T00:21:43.653011Z", "fetched_at": "2025-07-16T00:23:25.228417+00:00", "symbol": "DOGE-USD"}, {"trade_id": 139194182, "side": "buy", "size": "5.60000000", "price": "0.19910000", "time": "2025-07-16T00:21:43.653011Z", "fetched_at": "2025-07-16T00:23:25.228417+00:00", "symbol": "DOGE-USD"}, {"trade_id": 139194181, "side": "buy", "size": "5.60000000", "price": "0.19912000", "time": "2025-07-16T00:21:43.653011Z", "fetched_at": "2025-07-16T00:23:25.228417+00:00", "symbol": "DOGE-USD"}, {"trade_id": 139194180, "side": "buy", "size": "99.60000000", "price": "0.19913000", "time": "2025-07-16T00:21:40.463436Z", "fetched_at": "2025-07-16T00:23:25.228417+00:00", "symbol": "DOGE-USD"}, {"trade_id": 139194179, "side": "buy", "size": "434.60000000", "price": "0.19913000", "time": "2025-07-16T00:21:40.463436Z", "fetched_at": "2025-07-16T00:23:25.228417+00:00", "symbol": "DOGE-USD"}, {"trade_id": 139194178, "side": "buy", "size": "165.10000000", "price": "0.19913000", "time": "2025-07-16T00:21:40.113993Z", "fetched_at": "2025-07-16T00:23:25.228417+00:00", "symbol": "DOGE-USD"}, {"trade_id": 139194177, "side": "buy", "size": "434.60000000", "price": "0.19913000", "time": "2025-07-16T00:21:40.113993Z", "fetched_at": "2025-07-16T00:23:25.228417+00:00", "symbol": "DOGE-USD"}, {"trade_id": 139194176, "side": "buy", "size": "448.20000000", "price": "0.19913000", "time": "2025-07-16T00:21:40.113993Z", "fetched_at": "2025-07-16T00:23:25.228417+00:00", "symbol": "DOGE-USD"}, {"trade_id": 139194175, "side": "buy", "size": "5.60000000", "price": "0.19916000", "time": "2025-07-16T00:21:39.594702Z", "fetched_at": "2025-07-16T00:23:25.228417+00:00", "symbol": "DOGE-USD"}, {"trade_id": 139194174, "side": "sell", "size": "329.10000000", "price": "0.19917000", "time": "2025-07-16T00:21:37.578976Z", "fetched_at": "2025-07-16T00:23:25.228417+00:00", "symbol": "DOGE-USD"}, {"trade_id": 139194173, "side": "sell", "size": "416.10000000", "price": "0.19917000", "time": "2025-07-16T00:21:37.578976Z", "fetched_at": "2025-07-16T00:23:25.228417+00:00", "symbol": "DOGE-USD"}, {"trade_id": 139194172, "side": "sell", "size": "5.60000000", "price": "0.19920000", "time": "2025-07-16T00:21:35.867377Z", "fetched_at": "2025-07-16T00:23:25.228417+00:00", "symbol": "DOGE-USD"}, {"trade_id": 139194171, "side": "sell", "size": "883.10000000", "price": "0.19919000", "time": "2025-07-16T00:21:35.867346Z", "fetched_at": "2025-07-16T00:23:25.228417+00:00", "symbol": "DOGE-USD"}, {"trade_id": 139194170, "side": "sell", "size": "883.10000000", "price": "0.19919000", "time": "2025-07-16T00:21:35.867346Z", "fetched_at": "2025-07-16T00:23:25.228417+00:00", "symbol": "DOGE-USD"}, {"trade_id": 139194169, "side": "buy", "size": "9352.50000000", "price": "0.19916000", "time": "2025-07-16T00:21:35.143102Z", "fetched_at": "2025-07-16T00:23:25.228417+00:00", "symbol": "DOGE-USD"}, {"trade_id": 139194168, "side": "buy", "size": "3046.00000000", "price": "0.19916000", "time": "2025-07-16T00:21:35.143102Z", "fetched_at": "2025-07-16T00:23:25.228417+00:00", "symbol": "DOGE-USD"}, {"trade_id": 139194167, "side": "buy", "size": "1675.80000000", "price": "0.19916000", "time": "2025-07-16T00:21:35.143102Z", "fetched_at": "2025-07-16T00:23:25.228417+00:00", "symbol": "DOGE-USD"}, {"trade_id": 139194166, "side": "buy", "size": "14038.40000000", "price": "0.19917000", "time": "2025-07-16T00:21:35.143102Z", "fetched_at": "2025-07-16T00:23:25.228417+00:00", "symbol": "DOGE-USD"}, {"trade_id": 139194165, "side": "buy", "size": "1675.80000000", "price": "0.19917000", "time": "2025-07-16T00:21:35.143102Z", "fetched_at": "2025-07-16T00:23:25.228417+00:00", "symbol": "DOGE-USD"}, {"trade_id": 139194164, "side": "buy", "size": "1593.00000000", "price": "0.19917000", "time": "2025-07-16T00:21:35.143102Z", "fetched_at": "2025-07-16T00:23:25.228417+00:00", "symbol": "DOGE-USD"}, {"trade_id": 139194163, "side": "buy", "size": "1660.20000000", "price": "0.19918000", "time": "2025-07-16T00:21:35.143102Z", "fetched_at": "2025-07-16T00:23:25.228417+00:00", "symbol": "DOGE-USD"}, {"trade_id": 139194162, "side": "buy", "size": "12758.30000000", "price": "0.19918000", "time": "2025-07-16T00:21:35.143102Z", "fetched_at": "2025-07-16T00:23:25.228417+00:00", "symbol": "DOGE-USD"}, {"trade_id": 139194161, "side": "buy", "size": "1675.80000000", "price": "0.19918000", "time": "2025-07-16T00:21:35.143102Z", "fetched_at": "2025-07-16T00:23:25.228417+00:00", "symbol": "DOGE-USD"}, {"trade_id": 139194160, "side": "buy", "size": "6509.00000000", "price": "0.19919000", "time": "2025-07-16T00:21:35.143102Z", "fetched_at": "2025-07-16T00:23:25.228417+00:00", "symbol": "DOGE-USD"}, {"trade_id": 139194159, "side": "buy", "size": "1675.80000000", "price": "0.19919000", "time": "2025-07-16T00:21:35.143102Z", "fetched_at": "2025-07-16T00:23:25.228417+00:00", "symbol": "DOGE-USD"}, {"trade_id": 139194158, "side": "buy", "size": "4022.80000000", "price": "0.19920000", "time": "2025-07-16T00:21:35.143102Z", "fetched_at": "2025-07-16T00:23:25.228417+00:00", "symbol": "DOGE-USD"}, {"trade_id": 139194157, "side": "buy", "size": "1593.00000000", "price": "0.19920000", "time": "2025-07-16T00:21:35.143102Z", "fetched_at": "2025-07-16T00:23:25.228417+00:00", "symbol": "DOGE-USD"}, {"trade_id": 139194156, "side": "buy", "size": "4078.00000000", "price": "0.19920000", "time": "2025-07-16T00:21:35.143102Z", "fetched_at": "2025-07-16T00:23:25.228417+00:00", "symbol": "DOGE-USD"}, {"trade_id": 139194155, "side": "buy", "size": "883.10000000", "price": "0.19921000", "time": "2025-07-16T00:21:35.143102Z", "fetched_at": "2025-07-16T00:23:25.228417+00:00", "symbol": "DOGE-USD"}, {"trade_id": 139194154, "side": "buy", "size": "2118.90000000", "price": "0.19921000", "time": "2025-07-16T00:21:35.143102Z", "fetched_at": "2025-07-16T00:23:25.228417+00:00", "symbol": "DOGE-USD"}, {"trade_id": 139194153, "side": "buy", "size": "2358.40000000", "price": "0.19921000", "time": "2025-07-16T00:21:35.143102Z", "fetched_at": "2025-07-16T00:23:25.228417+00:00", "symbol": "DOGE-USD"}, {"trade_id": 139194152, "side": "buy", "size": "1675.80000000", "price": "0.19921000", "time": "2025-07-16T00:21:35.143102Z", "fetched_at": "2025-07-16T00:23:25.228417+00:00", "symbol": "DOGE-USD"}, {"trade_id": 139194151, "side": "buy", "size": "18560.70000000", "price": "0.19921000", "time": "2025-07-16T00:21:35.143102Z", "fetched_at": "2025-07-16T00:23:25.228417+00:00", "symbol": "DOGE-USD"}, {"trade_id": 139194150, "side": "buy", "size": "56.30000000", "price": "0.19922000", "time": "2025-07-16T00:21:35.143102Z", "fetched_at": "2025-07-16T00:23:25.228417+00:00", "symbol": "DOGE-USD"}, {"trade_id": 139194149, "side": "buy", "size": "5.60000000", "price": "0.19922000", "time": "2025-07-16T00:21:35.143102Z", "fetched_at": "2025-07-16T00:23:25.228417+00:00", "symbol": "DOGE-USD"}, {"trade_id": 139194148, "side": "buy", "size": "11875.40000000", "price": "0.19922000", "time": "2025-07-16T00:21:35.143102Z", "fetched_at": "2025-07-16T00:23:25.228417+00:00", "symbol": "DOGE-USD"}, {"trade_id": 139194147, "side": "buy", "size": "1675.80000000", "price": "0.19922000", "time": "2025-07-16T00:21:35.143102Z", "fetched_at": "2025-07-16T00:23:25.228417+00:00", "symbol": "DOGE-USD"}, {"trade_id": 139194146, "side": "sell", "size": "244.00000000", "price": "0.19927000", "time": "2025-07-16T00:21:34.983510Z", "fetched_at": "2025-07-16T00:23:25.228417+00:00", "symbol": "DOGE-USD"}, {"trade_id": 139194145, "side": "sell", "size": "5.60000000", "price": "0.19926000", "time": "2025-07-16T00:21:32.589553Z", "fetched_at": "2025-07-16T00:23:25.228417+00:00", "symbol": "DOGE-USD"}, {"trade_id": 139194144, "side": "sell", "size": "6.10000000", "price": "0.19925000", "time": "2025-07-16T00:21:32.583484Z", "fetched_at": "2025-07-16T00:23:25.228417+00:00", "symbol": "DOGE-USD"}, {"trade_id": 139194143, "side": "sell", "size": "5.60000000", "price": "0.19924000", "time": "2025-07-16T00:21:32.047986Z", "fetched_at": "2025-07-16T00:23:25.228417+00:00", "symbol": "DOGE-USD"}, {"trade_id": 139194142, "side": "sell", "size": "6.10000000", "price": "0.19923000", "time": "2025-07-16T00:21:32.044246Z", "fetched_at": "2025-07-16T00:23:25.228417+00:00", "symbol": "DOGE-USD"}, {"trade_id": 139194141, "side": "sell", "size": "5.60000000", "price": "0.19922000", "time": "2025-07-16T00:21:31.756174Z", "fetched_at": "2025-07-16T00:23:25.228417+00:00", "symbol": "DOGE-USD"}, {"trade_id": 139194140, "side": "sell", "size": "5.60000000", "price": "0.19920000", "time": "2025-07-16T00:21:31.671355Z", "fetched_at": "2025-07-16T00:23:25.228417+00:00", "symbol": "DOGE-USD"}, {"trade_id": 139194139, "side": "sell", "size": "5.60000000", "price": "0.19918000", "time": "2025-07-16T00:21:31.523371Z", "fetched_at": "2025-07-16T00:23:25.228417+00:00", "symbol": "DOGE-USD"}, {"trade_id": 139194138, "side": "buy", "size": "81.10000000", "price": "0.19916000", "time": "2025-07-16T00:21:30.827810Z", "fetched_at": "2025-07-16T00:23:25.228417+00:00", "symbol": "DOGE-USD"}, {"trade_id": 139194137, "side": "buy", "size": "40.50000000", "price": "0.19913000", "time": "2025-07-16T00:21:24.291299Z", "fetched_at": "2025-07-16T00:23:25.228417+00:00", "symbol": "DOGE-USD"}, {"trade_id": 139194136, "side": "buy", "size": "56.30000000", "price": "0.19913000", "time": "2025-07-16T00:21:24.291299Z", "fetched_at": "2025-07-16T00:23:25.228417+00:00", "symbol": "DOGE-USD"}, {"trade_id": 139194135, "side": "buy", "size": "1669.10000000", "price": "0.19914000", "time": "2025-07-16T00:21:24.291299Z", "fetched_at": "2025-07-16T00:23:25.228417+00:00", "symbol": "DOGE-USD"}, {"trade_id": 139194134, "side": "sell", "size": "883.10000000", "price": "0.19916000", "time": "2025-07-16T00:21:21.171838Z", "fetched_at": "2025-07-16T00:23:25.228417+00:00", "symbol": "DOGE-USD"}, {"trade_id": 139194133, "side": "sell", "size": "5.60000000", "price": "0.19916000", "time": "2025-07-16T00:21:21.171838Z", "fetched_at": "2025-07-16T00:23:25.228417+00:00", "symbol": "DOGE-USD"}, {"trade_id": 139194132, "side": "sell", "size": "1327.40000000", "price": "0.19916000", "time": "2025-07-16T00:21:21.171838Z", "fetched_at": "2025-07-16T00:23:25.228417+00:00", "symbol": "DOGE-USD"}, {"trade_id": 139194131, "side": "sell", "size": "6.10000000", "price": "0.19915000", "time": "2025-07-16T00:21:21.171838Z", "fetched_at": "2025-07-16T00:23:25.228417+00:00", "symbol": "DOGE-USD"}, {"trade_id": 139194130, "side": "buy", "size": "2.00000000", "price": "0.19911000", "time": "2025-07-16T00:21:20.074156Z", "fetched_at": "2025-07-16T00:23:25.228417+00:00", "symbol": "DOGE-USD"}, {"trade_id": 139194129, "side": "buy", "size": "61.50000000", "price": "0.19912000", "time": "2025-07-16T00:21:17.029732Z", "fetched_at": "2025-07-16T00:23:25.228417+00:00", "symbol": "DOGE-USD"}, {"trade_id": 139194128, "side": "buy", "size": "1675.80000000", "price": "0.19912000", "time": "2025-07-16T00:21:16.157958Z", "fetched_at": "2025-07-16T00:23:25.228417+00:00", "symbol": "DOGE-USD"}, {"trade_id": 139194127, "side": "buy", "size": "11.20000000", "price": "0.19913000", "time": "2025-07-16T00:21:16.157958Z", "fetched_at": "2025-07-16T00:23:25.228417+00:00", "symbol": "DOGE-USD"}, {"trade_id": 139194126, "side": "buy", "size": "56.30000000", "price": "0.19913000", "time": "2025-07-16T00:21:16.157958Z", "fetched_at": "2025-07-16T00:23:25.228417+00:00", "symbol": "DOGE-USD"}, {"trade_id": 139194125, "side": "sell", "size": "48.50000000", "price": "0.19916000", "time": "2025-07-16T00:21:14.418883Z", "fetched_at": "2025-07-16T00:23:25.228417+00:00", "symbol": "DOGE-USD"}, {"trade_id": 139194124, "side": "sell", "size": "5.60000000", "price": "0.19914000", "time": "2025-07-16T00:21:12.300265Z", "fetched_at": "2025-07-16T00:23:25.228417+00:00", "symbol": "DOGE-USD"}, {"trade_id": 139194123, "side": "sell", "size": "5.60000000", "price": "0.19912000", "time": "2025-07-16T00:21:11.487850Z", "fetched_at": "2025-07-16T00:23:25.228417+00:00", "symbol": "DOGE-USD"}, {"trade_id": 139194122, "side": "buy", "size": "565.40000000", "price": "0.19908000", "time": "2025-07-16T00:21:10.516855Z", "fetched_at": "2025-07-16T00:23:25.228417+00:00", "symbol": "DOGE-USD"}, {"trade_id": 139194121, "side": "buy", "size": "434.60000000", "price": "0.19909000", "time": "2025-07-16T00:21:10.516855Z", "fetched_at": "2025-07-16T00:23:25.228417+00:00", "symbol": "DOGE-USD"}, {"trade_id": 139194120, "side": "sell", "size": "5.60000000", "price": "0.19910000", "time": "2025-07-16T00:21:07.112362Z", "fetched_at": "2025-07-16T00:23:25.228417+00:00", "symbol": "DOGE-USD"}, {"trade_id": 139194119, "side": "sell", "size": "1940.30000000", "price": "0.19908000", "time": "2025-07-16T00:21:06.817360Z", "fetched_at": "2025-07-16T00:23:25.228417+00:00", "symbol": "DOGE-USD"}, {"trade_id": 139194118, "side": "sell", "size": "2955.30000000", "price": "0.19908000", "time": "2025-07-16T00:21:06.817360Z", "fetched_at": "2025-07-16T00:23:25.228417+00:00", "symbol": "DOGE-USD"}, {"trade_id": 139194117, "side": "sell", "size": "5.60000000", "price": "0.19908000", "time": "2025-07-16T00:21:06.817360Z", "fetched_at": "2025-07-16T00:23:25.228417+00:00", "symbol": "DOGE-USD"}, {"trade_id": 139194116, "side": "sell", "size": "25.10000000", "price": "0.19908000", "time": "2025-07-16T00:21:06.817360Z", "fetched_at": "2025-07-16T00:23:25.228417+00:00", "symbol": "DOGE-USD"}, {"trade_id": 139194115, "side": "sell", "size": "152.90000000", "price": "0.19908000", "time": "2025-07-16T00:21:06.817360Z", "fetched_at": "2025-07-16T00:23:25.228417+00:00", "symbol": "DOGE-USD"}, {"trade_id": 139194114, "side": "sell", "size": "1191.00000000", "price": "0.19907000", "time": "2025-07-16T00:21:06.816742Z", "fetched_at": "2025-07-16T00:23:25.228417+00:00", "symbol": "DOGE-USD"}, {"trade_id": 139194113, "side": "sell", "size": "3330.00000000", "price": "0.19907000", "time": "2025-07-16T00:21:06.813974Z", "fetched_at": "2025-07-16T00:23:25.228417+00:00", "symbol": "DOGE-USD"}, {"trade_id": 139194112, "side": "sell", "size": "12.10000000", "price": "0.19907000", "time": "2025-07-16T00:21:06.813974Z", "fetched_at": "2025-07-16T00:23:25.228417+00:00", "symbol": "DOGE-USD"}, {"trade_id": 139194111, "side": "sell", "size": "884.10000000", "price": "0.19906000", "time": "2025-07-16T00:21:06.813974Z", "fetched_at": "2025-07-16T00:23:25.228417+00:00", "symbol": "DOGE-USD"}, {"trade_id": 139194110, "side": "sell", "size": "5.60000000", "price": "0.19906000", "time": "2025-07-16T00:21:06.813974Z", "fetched_at": "2025-07-16T00:23:25.228417+00:00", "symbol": "DOGE-USD"}, {"trade_id": 139194109, "side": "sell", "size": "107.80000000", "price": "0.19906000", "time": "2025-07-16T00:21:06.813974Z", "fetched_at": "2025-07-16T00:23:25.228417+00:00", "symbol": "DOGE-USD"}, {"trade_id": 139194108, "side": "sell", "size": "10.60000000", "price": "0.19905000", "time": "2025-07-16T00:21:06.813974Z", "fetched_at": "2025-07-16T00:23:25.228417+00:00", "symbol": "DOGE-USD"}, {"trade_id": 139194107, "side": "sell", "size": "182.90000000", "price": "0.19905000", "time": "2025-07-16T00:21:06.813974Z", "fetched_at": "2025-07-16T00:23:25.228417+00:00", "symbol": "DOGE-USD"}, {"trade_id": 139194106, "side": "sell", "size": "11.20000000", "price": "0.19904000", "time": "2025-07-16T00:21:06.154430Z", "fetched_at": "2025-07-16T00:23:25.228417+00:00", "symbol": "DOGE-USD"}, {"trade_id": 139194105, "side": "sell", "size": "102.60000000", "price": "0.19904000", "time": "2025-07-16T00:21:06.154430Z", "fetched_at": "2025-07-16T00:23:25.228417+00:00", "symbol": "DOGE-USD"}, {"trade_id": 139194104, "side": "sell", "size": "5.60000000", "price": "0.19904000", "time": "2025-07-16T00:21:06.154430Z", "fetched_at": "2025-07-16T00:23:25.228417+00:00", "symbol": "DOGE-USD"}, {"trade_id": 139194103, "side": "sell", "size": "5.60000000", "price": "0.19902000", "time": "2025-07-16T00:21:06.051840Z", "fetched_at": "2025-07-16T00:23:25.228417+00:00", "symbol": "DOGE-USD"}, {"trade_id": 139194102, "side": "sell", "size": "420.80000000", "price": "0.19900000", "time": "2025-07-16T00:21:05.493544Z", "fetched_at": "2025-07-16T00:23:25.228417+00:00", "symbol": "DOGE-USD"}, {"trade_id": 139194101, "side": "sell", "size": "1406.20000000", "price": "0.19900000", "time": "2025-07-16T00:21:05.493544Z", "fetched_at": "2025-07-16T00:23:25.228417+00:00", "symbol": "DOGE-USD"}, {"trade_id": 139194100, "side": "sell", "size": "884.10000000", "price": "0.19900000", "time": "2025-07-16T00:21:05.493544Z", "fetched_at": "2025-07-16T00:23:25.228417+00:00", "symbol": "DOGE-USD"}, {"trade_id": 139194099, "side": "sell", "size": "11.60000000", "price": "0.19900000", "time": "2025-07-16T00:21:05.493544Z", "fetched_at": "2025-07-16T00:23:25.228417+00:00", "symbol": "DOGE-USD"}, {"trade_id": 139194098, "side": "sell", "size": "5.60000000", "price": "0.19900000", "time": "2025-07-16T00:21:05.493544Z", "fetched_at": "2025-07-16T00:23:25.228417+00:00", "symbol": "DOGE-USD"}, {"trade_id": 139194097, "side": "sell", "size": "0.90000000", "price": "0.19899000", "time": "2025-07-16T00:20:58.378146Z", "fetched_at": "2025-07-16T00:23:25.228417+00:00", "symbol": "DOGE-USD"}, {"trade_id": 139194096, "side": "sell", "size": "35.90000000", "price": "0.19897000", "time": "2025-07-16T00:20:51.241612Z", "fetched_at": "2025-07-16T00:23:25.228417+00:00", "symbol": "DOGE-USD"}, {"trade_id": 139194095, "side": "sell", "size": "3.10000000", "price": "0.19898000", "time": "2025-07-16T00:20:49.501401Z", "fetched_at": "2025-07-16T00:23:25.228417+00:00", "symbol": "DOGE-USD"}, {"trade_id": 139194094, "side": "sell", "size": "5.60000000", "price": "0.19898000", "time": "2025-07-16T00:20:49.501401Z", "fetched_at": "2025-07-16T00:23:25.228417+00:00", "symbol": "DOGE-USD"}, {"trade_id": 139194093, "side": "buy", "size": "132.50000000", "price": "0.19897000", "time": "2025-07-16T00:20:48.175381Z", "fetched_at": "2025-07-16T00:23:25.228417+00:00", "symbol": "DOGE-USD"}, {"trade_id": 139194092, "side": "buy", "size": "897.70000000", "price": "0.19897000", "time": "2025-07-16T00:20:48.175381Z", "fetched_at": "2025-07-16T00:23:25.228417+00:00", "symbol": "DOGE-USD"}, {"trade_id": 139194091, "side": "buy", "size": "622.30000000", "price": "0.19897000", "time": "2025-07-16T00:20:46.039926Z", "fetched_at": "2025-07-16T00:23:25.228417+00:00", "symbol": "DOGE-USD"}, {"trade_id": 139194090, "side": "buy", "size": "312.80000000", "price": "0.19897000", "time": "2025-07-16T00:20:46.039926Z", "fetched_at": "2025-07-16T00:23:25.228417+00:00", "symbol": "DOGE-USD"}, {"trade_id": 139194089, "side": "buy", "size": "121.80000000", "price": "0.19897000", "time": "2025-07-16T00:20:45.328682Z", "fetched_at": "2025-07-16T00:23:25.228417+00:00", "symbol": "DOGE-USD"}, {"trade_id": 139194088, "side": "sell", "size": "5.60000000", "price": "0.19896000", "time": "2025-07-16T00:20:43.995518Z", "fetched_at": "2025-07-16T00:23:25.228417+00:00", "symbol": "DOGE-USD"}, {"trade_id": 139194087, "side": "sell", "size": "5.60000000", "price": "0.19894000", "time": "2025-07-16T00:20:42.313054Z", "fetched_at": "2025-07-16T00:23:25.228417+00:00", "symbol": "DOGE-USD"}, {"trade_id": 139194086, "side": "buy", "size": "678.70000000", "price": "0.19892000", "time": "2025-07-16T00:20:41.430212Z", "fetched_at": "2025-07-16T00:23:25.228417+00:00", "symbol": "DOGE-USD"}, {"trade_id": 139194085, "side": "buy", "size": "177.70000000", "price": "0.19892000", "time": "2025-07-16T00:20:40.103189Z", "fetched_at": "2025-07-16T00:23:25.228417+00:00", "symbol": "DOGE-USD"}, {"trade_id": 139194084, "side": "sell", "size": "4.90000000", "price": "0.19891000", "time": "2025-07-16T00:20:38.575719Z", "fetched_at": "2025-07-16T00:23:25.228417+00:00", "symbol": "DOGE-USD"}, {"trade_id": 139194083, "side": "sell", "size": "248.70000000", "price": "0.19891000", "time": "2025-07-16T00:20:33.672702Z", "fetched_at": "2025-07-16T00:23:25.228417+00:00", "symbol": "DOGE-USD"}, {"trade_id": 139194082, "side": "buy", "size": "18.70000000", "price": "0.19891000", "time": "2025-07-16T00:20:33.068636Z", "fetched_at": "2025-07-16T00:23:25.228417+00:00", "symbol": "DOGE-USD"}, {"trade_id": 139194081, "side": "buy", "size": "86.90000000", "price": "0.19892000", "time": "2025-07-16T00:20:33.068636Z", "fetched_at": "2025-07-16T00:23:25.228417+00:00", "symbol": "DOGE-USD"}, {"trade_id": 139194080, "side": "sell", "size": "40.40000000", "price": "0.19893000", "time": "2025-07-16T00:20:32.949280Z", "fetched_at": "2025-07-16T00:23:25.228417+00:00", "symbol": "DOGE-USD"}, {"trade_id": 139194079, "side": "sell", "size": "5.60000000", "price": "0.19892000", "time": "2025-07-16T00:20:28.495896Z", "fetched_at": "2025-07-16T00:23:25.228417+00:00", "symbol": "DOGE-USD"}, {"trade_id": 139194078, "side": "sell", "size": "5.60000000", "price": "0.19890000", "time": "2025-07-16T00:20:27.925899Z", "fetched_at": "2025-07-16T00:23:25.228417+00:00", "symbol": "DOGE-USD"}, {"trade_id": 139194077, "side": "sell", "size": "5.60000000", "price": "0.19888000", "time": "2025-07-16T00:20:27.481299Z", "fetched_at": "2025-07-16T00:23:25.228417+00:00", "symbol": "DOGE-USD"}, {"trade_id": 139194076, "side": "sell", "size": "5.60000000", "price": "0.19886000", "time": "2025-07-16T00:20:26.282185Z", "fetched_at": "2025-07-16T00:23:25.228417+00:00", "symbol": "DOGE-USD"}, {"trade_id": 139194075, "side": "sell", "size": "5.60000000", "price": "0.19884000", "time": "2025-07-16T00:20:26.218836Z", "fetched_at": "2025-07-16T00:23:25.228417+00:00", "symbol": "DOGE-USD"}, {"trade_id": 139194074, "side": "sell", "size": "107.60000000", "price": "0.19882000", "time": "2025-07-16T00:20:19.797664Z", "fetched_at": "2025-07-16T00:23:25.228417+00:00", "symbol": "DOGE-USD"}, {"trade_id": 139194073, "side": "sell", "size": "888.40000000", "price": "0.19882000", "time": "2025-07-16T00:20:19.797664Z", "fetched_at": "2025-07-16T00:23:25.228417+00:00", "symbol": "DOGE-USD"}, {"trade_id": 139194072, "side": "sell", "size": "7.60000000", "price": "0.19881000", "time": "2025-07-16T00:20:17.867021Z", "fetched_at": "2025-07-16T00:23:25.228417+00:00", "symbol": "DOGE-USD"}, {"trade_id": 139194071, "side": "buy", "size": "5.60000000", "price": "0.19878000", "time": "2025-07-16T00:20:17.329989Z", "fetched_at": "2025-07-16T00:23:25.228417+00:00", "symbol": "DOGE-USD"}, {"trade_id": 139194070, "side": "buy", "size": "398.10000000", "price": "0.19881000", "time": "2025-07-16T00:20:14.235388Z", "fetched_at": "2025-07-16T00:23:25.228417+00:00", "symbol": "DOGE-USD"}, {"trade_id": 139194069, "side": "buy", "size": "2910.70000000", "price": "0.19876000", "time": "2025-07-16T00:20:11.089122Z", "fetched_at": "2025-07-16T00:23:25.228417+00:00", "symbol": "DOGE-USD"}, {"trade_id": 139194068, "side": "buy", "size": "1403.70000000", "price": "0.19876000", "time": "2025-07-16T00:20:11.089122Z", "fetched_at": "2025-07-16T00:23:25.228417+00:00", "symbol": "DOGE-USD"}, {"trade_id": 139194067, "side": "buy", "size": "1939.40000000", "price": "0.19876000", "time": "2025-07-16T00:20:11.089122Z", "fetched_at": "2025-07-16T00:23:25.228417+00:00", "symbol": "DOGE-USD"}, {"trade_id": 139194066, "side": "buy", "size": "5.60000000", "price": "0.19876000", "time": "2025-07-16T00:20:11.089122Z", "fetched_at": "2025-07-16T00:23:25.228417+00:00", "symbol": "DOGE-USD"}, {"trade_id": 139194065, "side": "buy", "size": "56.40000000", "price": "0.19877000", "time": "2025-07-16T00:20:11.089122Z", "fetched_at": "2025-07-16T00:23:25.228417+00:00", "symbol": "DOGE-USD"}, {"trade_id": 139194064, "side": "buy", "size": "4527.80000000", "price": "0.19877000", "time": "2025-07-16T00:20:11.089122Z", "fetched_at": "2025-07-16T00:23:25.228417+00:00", "symbol": "DOGE-USD"}, {"trade_id": 139194063, "side": "buy", "size": "2055.80000000", "price": "0.19877000", "time": "2025-07-16T00:20:11.089122Z", "fetched_at": "2025-07-16T00:23:25.228417+00:00", "symbol": "DOGE-USD"}, {"trade_id": 139194062, "side": "buy", "size": "2490.20000000", "price": "0.19877000", "time": "2025-07-16T00:20:11.089122Z", "fetched_at": "2025-07-16T00:23:25.228417+00:00", "symbol": "DOGE-USD"}, {"trade_id": 139194061, "side": "buy", "size": "1675.80000000", "price": "0.19877000", "time": "2025-07-16T00:20:11.089122Z", "fetched_at": "2025-07-16T00:23:25.228417+00:00", "symbol": "DOGE-USD"}, {"trade_id": 139194060, "side": "buy", "size": "1497.40000000", "price": "0.19878000", "time": "2025-07-16T00:20:11.089122Z", "fetched_at": "2025-07-16T00:23:25.228417+00:00", "symbol": "DOGE-USD"}, {"trade_id": 139194059, "side": "buy", "size": "1385.20000000", "price": "0.19878000", "time": "2025-07-16T00:20:11.089122Z", "fetched_at": "2025-07-16T00:23:25.228417+00:00", "symbol": "DOGE-USD"}, {"trade_id": 139194058, "side": "buy", "size": "5301.40000000", "price": "0.19878000", "time": "2025-07-16T00:20:11.089122Z", "fetched_at": "2025-07-16T00:23:25.228417+00:00", "symbol": "DOGE-USD"}, {"trade_id": 139194057, "side": "buy", "size": "5.60000000", "price": "0.19878000", "time": "2025-07-16T00:20:11.089122Z", "fetched_at": "2025-07-16T00:23:25.228417+00:00", "symbol": "DOGE-USD"}, {"trade_id": 139194056, "side": "buy", "size": "5.60000000", "price": "0.19880000", "time": "2025-07-16T00:20:07.602024Z", "fetched_at": "2025-07-16T00:23:25.228417+00:00", "symbol": "DOGE-USD"}, {"trade_id": 139194055, "side": "sell", "size": "888.40000000", "price": "0.19885000", "time": "2025-07-16T00:20:03.266650Z", "fetched_at": "2025-07-16T00:23:25.228417+00:00", "symbol": "DOGE-USD"}, {"trade_id": 139194054, "side": "buy", "size": "5.60000000", "price": "0.19882000", "time": "2025-07-16T00:20:02.745643Z", "fetched_at": "2025-07-16T00:23:25.228417+00:00", "symbol": "DOGE-USD"}, {"trade_id": 139194053, "side": "buy", "size": "1587.40000000", "price": "0.19882000", "time": "2025-07-16T00:20:02.745477Z", "fetched_at": "2025-07-16T00:23:25.228417+00:00", "symbol": "DOGE-USD"}, {"trade_id": 139194052, "side": "buy", "size": "1467.00000000", "price": "0.19882000", "time": "2025-07-16T00:20:02.745477Z", "fetched_at": "2025-07-16T00:23:25.228417+00:00", "symbol": "DOGE-USD"}, {"trade_id": 139194051, "side": "buy", "size": "5.60000000", "price": "0.19882000", "time": "2025-07-16T00:20:02.745477Z", "fetched_at": "2025-07-16T00:23:25.228417+00:00", "symbol": "DOGE-USD"}, {"trade_id": 139194050, "side": "buy", "size": "5.60000000", "price": "0.19884000", "time": "2025-07-16T00:20:02.745477Z", "fetched_at": "2025-07-16T00:23:25.228417+00:00", "symbol": "DOGE-USD"}, {"trade_id": 139194049, "side": "buy", "size": "5.60000000", "price": "0.19886000", "time": "2025-07-16T00:20:02.676300Z", "fetched_at": "2025-07-16T00:23:25.228417+00:00", "symbol": "DOGE-USD"}, {"trade_id": 139194048, "side": "sell", "size": "5.20000000", "price": "0.19888000", "time": "2025-07-16T00:20:01.870854Z", "fetched_at": "2025-07-16T00:23:25.228417+00:00", "symbol": "DOGE-USD"}, {"trade_id": 139194047, "side": "buy", "size": "5.60000000", "price": "0.19888000", "time": "2025-07-16T00:20:01.151310Z", "fetched_at": "2025-07-16T00:23:25.228417+00:00", "symbol": "DOGE-USD"}, {"trade_id": 139194046, "side": "buy", "size": "5.60000000", "price": "0.19890000", "time": "2025-07-16T00:20:01.151310Z", "fetched_at": "2025-07-16T00:23:25.228417+00:00", "symbol": "DOGE-USD"}, {"trade_id": 139194045, "side": "sell", "size": "416.90000000", "price": "0.19891000", "time": "2025-07-16T00:20:01.030887Z", "fetched_at": "2025-07-16T00:23:25.228417+00:00", "symbol": "DOGE-USD"}, {"trade_id": 139194044, "side": "buy", "size": "5.60000000", "price": "0.19892000", "time": "2025-07-16T00:20:01.007408Z", "fetched_at": "2025-07-16T00:23:25.228417+00:00", "symbol": "DOGE-USD"}, {"trade_id": 139194043, "side": "buy", "size": "645.50000000", "price": "0.19893000", "time": "2025-07-16T00:20:00.781101Z", "fetched_at": "2025-07-16T00:23:25.228417+00:00", "symbol": "DOGE-USD"}, {"trade_id": 139194042, "side": "buy", "size": "86.90000000", "price": "0.19893000", "time": "2025-07-16T00:20:00.781101Z", "fetched_at": "2025-07-16T00:23:25.228417+00:00", "symbol": "DOGE-USD"}, {"trade_id": 139194041, "side": "buy", "size": "769.10000000", "price": "0.19894000", "time": "2025-07-16T00:19:56.991119Z", "fetched_at": "2025-07-16T00:23:25.228417+00:00", "symbol": "DOGE-USD"}, {"trade_id": 139194040, "side": "buy", "size": "5.60000000", "price": "0.19894000", "time": "2025-07-16T00:19:56.991119Z", "fetched_at": "2025-07-16T00:23:25.228417+00:00", "symbol": "DOGE-USD"}, {"trade_id": 139194039, "side": "buy", "size": "892.40000000", "price": "0.19896000", "time": "2025-07-16T00:19:55.631258Z", "fetched_at": "2025-07-16T00:23:25.228417+00:00", "symbol": "DOGE-USD"}, {"trade_id": 139194038, "side": "buy", "size": "5.60000000", "price": "0.19896000", "time": "2025-07-16T00:19:55.631258Z", "fetched_at": "2025-07-16T00:23:25.228417+00:00", "symbol": "DOGE-USD"}, {"trade_id": 139194037, "side": "sell", "size": "49.70000000", "price": "0.19897000", "time": "2025-07-16T00:19:50.439770Z", "fetched_at": "2025-07-16T00:23:25.228417+00:00", "symbol": "DOGE-USD"}, {"trade_id": 139194036, "side": "buy", "size": "1089.70000000", "price": "0.19897000", "time": "2025-07-16T00:19:50.292824Z", "fetched_at": "2025-07-16T00:23:25.228417+00:00", "symbol": "DOGE-USD"}, {"trade_id": 139194035, "side": "buy", "size": "70.10000000", "price": "0.19901000", "time": "2025-07-16T00:19:40.044070Z", "fetched_at": "2025-07-16T00:23:25.228417+00:00", "symbol": "DOGE-USD"}, {"trade_id": 139194034, "side": "sell", "size": "5.60000000", "price": "0.19900000", "time": "2025-07-16T00:19:39.990148Z", "fetched_at": "2025-07-16T00:23:25.228417+00:00", "symbol": "DOGE-USD"}, {"trade_id": 139194033, "side": "sell", "size": "5.60000000", "price": "0.19899000", "time": "2025-07-16T00:19:39.990148Z", "fetched_at": "2025-07-16T00:23:25.228417+00:00", "symbol": "DOGE-USD"}, {"trade_id": 139194032, "side": "sell", "size": "882.80000000", "price": "0.19899000", "time": "2025-07-16T00:19:39.987061Z", "fetched_at": "2025-07-16T00:23:25.228417+00:00", "symbol": "DOGE-USD"}, {"trade_id": 139194031, "side": "sell", "size": "5.60000000", "price": "0.19898000", "time": "2025-07-16T00:19:39.987061Z", "fetched_at": "2025-07-16T00:23:25.228417+00:00", "symbol": "DOGE-USD"}, {"trade_id": 139194030, "side": "buy", "size": "6.50000000", "price": "0.19897000", "time": "2025-07-16T00:19:39.546841Z", "fetched_at": "2025-07-16T00:23:25.228417+00:00", "symbol": "DOGE-USD"}, {"trade_id": 139194029, "side": "sell", "size": "5.60000000", "price": "0.19896000", "time": "2025-07-16T00:19:30.448655Z", "fetched_at": "2025-07-16T00:23:25.228417+00:00", "symbol": "DOGE-USD"}, {"trade_id": 139194028, "side": "buy", "size": "433.60000000", "price": "0.19894000", "time": "2025-07-16T00:19:30.337134Z", "fetched_at": "2025-07-16T00:23:25.228417+00:00", "symbol": "DOGE-USD"}, {"trade_id": 139194027, "side": "buy", "size": "1349.00000000", "price": "0.19895000", "time": "2025-07-16T00:19:30.337134Z", "fetched_at": "2025-07-16T00:23:25.228417+00:00", "symbol": "DOGE-USD"}, {"trade_id": 139194026, "side": "buy", "size": "1627.10000000", "price": "0.19895000", "time": "2025-07-16T00:19:30.337134Z", "fetched_at": "2025-07-16T00:23:25.228417+00:00", "symbol": "DOGE-USD"}, {"trade_id": 139194025, "side": "buy", "size": "491.20000000", "price": "0.19895000", "time": "2025-07-16T00:19:30.337134Z", "fetched_at": "2025-07-16T00:23:25.228417+00:00", "symbol": "DOGE-USD"}, {"trade_id": 139194024, "side": "buy", "size": "1502.20000000", "price": "0.19895000", "time": "2025-07-16T00:19:30.337134Z", "fetched_at": "2025-07-16T00:23:25.228417+00:00", "symbol": "DOGE-USD"}, {"trade_id": 139194023, "side": "buy", "size": "434.60000000", "price": "0.19895000", "time": "2025-07-16T00:19:30.337134Z", "fetched_at": "2025-07-16T00:23:25.228417+00:00", "symbol": "DOGE-USD"}, {"trade_id": 139194022, "side": "sell", "size": "5.60000000", "price": "0.19894000", "time": "2025-07-16T00:19:27.146418Z", "fetched_at": "2025-07-16T00:23:25.228417+00:00", "symbol": "DOGE-USD"}, {"trade_id": 139194021, "side": "sell", "size": "5.60000000", "price": "0.19892000", "time": "2025-07-16T00:19:26.852451Z", "fetched_at": "2025-07-16T00:23:25.228417+00:00", "symbol": "DOGE-USD"}, {"trade_id": 139194020, "side": "sell", "size": "888.40000000", "price": "0.19890000", "time": "2025-07-16T00:19:26.669199Z", "fetched_at": "2025-07-16T00:23:25.228417+00:00", "symbol": "DOGE-USD"}, {"trade_id": 139194019, "side": "sell", "size": "5.60000000", "price": "0.19890000", "time": "2025-07-16T00:19:26.669199Z", "fetched_at": "2025-07-16T00:23:25.228417+00:00", "symbol": "DOGE-USD"}, {"trade_id": 139194018, "side": "buy", "size": "669.70000000", "price": "0.19886000", "time": "2025-07-16T00:19:23.519020Z", "fetched_at": "2025-07-16T00:23:25.228417+00:00", "symbol": "DOGE-USD"}, {"trade_id": 139194017, "side": "buy", "size": "111.10000000", "price": "0.19886000", "time": "2025-07-16T00:19:22.850666Z", "fetched_at": "2025-07-16T00:23:25.228417+00:00", "symbol": "DOGE-USD"}, {"trade_id": 139194016, "side": "buy", "size": "784.10000000", "price": "0.19886000", "time": "2025-07-16T00:19:22.093165Z", "fetched_at": "2025-07-16T00:23:25.228417+00:00", "symbol": "DOGE-USD"}, {"trade_id": 139194015, "side": "buy", "size": "5.60000000", "price": "0.19886000", "time": "2025-07-16T00:19:22.093165Z", "fetched_at": "2025-07-16T00:23:25.228417+00:00", "symbol": "DOGE-USD"}, {"trade_id": 139194014, "side": "buy", "size": "1893.00000000", "price": "0.19888000", "time": "2025-07-16T00:19:19.562040Z", "fetched_at": "2025-07-16T00:23:25.228417+00:00", "symbol": "DOGE-USD"}, {"trade_id": 139194013, "side": "buy", "size": "10.90000000", "price": "0.19888000", "time": "2025-07-16T00:19:19.562040Z", "fetched_at": "2025-07-16T00:23:25.228417+00:00", "symbol": "DOGE-USD"}, {"trade_id": 139194012, "side": "buy", "size": "54.90000000", "price": "0.19888000", "time": "2025-07-16T00:19:19.562040Z", "fetched_at": "2025-07-16T00:23:25.228417+00:00", "symbol": "DOGE-USD"}, {"trade_id": 139194011, "side": "buy", "size": "2234.10000000", "price": "0.19890000", "time": "2025-07-16T00:19:19.013492Z", "fetched_at": "2025-07-16T00:23:25.228417+00:00", "symbol": "DOGE-USD"}, {"trade_id": 139194010, "side": "buy", "size": "71.00000000", "price": "0.19888000", "time": "2025-07-16T00:19:13.840899Z", "fetched_at": "2025-07-16T00:23:25.228417+00:00", "symbol": "DOGE-USD"}, {"trade_id": 139194009, "side": "buy", "size": "613.40000000", "price": "0.19888000", "time": "2025-07-16T00:19:11.990088Z", "fetched_at": "2025-07-16T00:23:25.228417+00:00", "symbol": "DOGE-USD"}, {"trade_id": 139194008, "side": "buy", "size": "5.60000000", "price": "0.19888000", "time": "2025-07-16T00:19:11.990088Z", "fetched_at": "2025-07-16T00:23:25.228417+00:00", "symbol": "DOGE-USD"}, {"trade_id": 139194007, "side": "buy", "size": "5.60000000", "price": "0.19890000", "time": "2025-07-16T00:19:11.990088Z", "fetched_at": "2025-07-16T00:23:25.228417+00:00", "symbol": "DOGE-USD"}, {"trade_id": 139194006, "side": "buy", "size": "2639.40000000", "price": "0.19895000", "time": "2025-07-16T00:19:11.791156Z", "fetched_at": "2025-07-16T00:23:25.228417+00:00", "symbol": "DOGE-USD"}, {"trade_id": 139194005, "side": "sell", "size": "167.60000000", "price": "0.19896000", "time": "2025-07-16T00:19:09.903626Z", "fetched_at": "2025-07-16T00:23:25.228417+00:00", "symbol": "DOGE-USD"}, {"trade_id": 139194004, "side": "buy", "size": "56.40000000", "price": "0.19891000", "time": "2025-07-16T00:19:07.319844Z", "fetched_at": "2025-07-16T00:23:25.228417+00:00", "symbol": "DOGE-USD"}, {"trade_id": 139194003, "side": "buy", "size": "5.60000000", "price": "0.19892000", "time": "2025-07-16T00:19:07.319844Z", "fetched_at": "2025-07-16T00:23:25.228417+00:00", "symbol": "DOGE-USD"}, {"trade_id": 139194002, "side": "buy", "size": "2566.90000000", "price": "0.19894000", "time": "2025-07-16T00:19:07.315579Z", "fetched_at": "2025-07-16T00:23:25.228417+00:00", "symbol": "DOGE-USD"}, {"trade_id": 139194001, "side": "buy", "size": "5.60000000", "price": "0.19894000", "time": "2025-07-16T00:19:07.315579Z", "fetched_at": "2025-07-16T00:23:25.228417+00:00", "symbol": "DOGE-USD"}, {"trade_id": 139194000, "side": "sell", "size": "8.70000000", "price": "0.19895000", "time": "2025-07-16T00:19:05.416200Z", "fetched_at": "2025-07-16T00:23:25.228417+00:00", "symbol": "DOGE-USD"}, {"trade_id": 139193999, "side": "buy", "size": "2994.40000000", "price": "0.19896000", "time": "2025-07-16T00:19:03.125447Z", "fetched_at": "2025-07-16T00:23:25.228417+00:00", "symbol": "DOGE-USD"}, {"trade_id": 139193998, "side": "buy", "size": "5.60000000", "price": "0.19896000", "time": "2025-07-16T00:19:03.125447Z", "fetched_at": "2025-07-16T00:23:25.228417+00:00", "symbol": "DOGE-USD"}, {"trade_id": 139193997, "side": "buy", "size": "1358.50000000", "price": "0.19897000", "time": "2025-07-16T00:19:02.420770Z", "fetched_at": "2025-07-16T00:23:25.228417+00:00", "symbol": "DOGE-USD"}, {"trade_id": 139193996, "side": "buy", "size": "1491.70000000", "price": "0.19898000", "time": "2025-07-16T00:19:02.416227Z", "fetched_at": "2025-07-16T00:23:25.228417+00:00", "symbol": "DOGE-USD"}, {"trade_id": 139193995, "side": "buy", "size": "16429.70000000", "price": "0.19898000", "time": "2025-07-16T00:19:02.414768Z", "fetched_at": "2025-07-16T00:23:25.228417+00:00", "symbol": "DOGE-USD"}, {"trade_id": 139193994, "side": "buy", "size": "784.10000000", "price": "0.19898000", "time": "2025-07-16T00:19:02.407700Z", "fetched_at": "2025-07-16T00:23:25.228417+00:00", "symbol": "DOGE-USD"}, {"trade_id": 139193993, "side": "buy", "size": "5.60000000", "price": "0.19898000", "time": "2025-07-16T00:19:02.407700Z", "fetched_at": "2025-07-16T00:23:25.228417+00:00", "symbol": "DOGE-USD"}, {"trade_id": 139193992, "side": "buy", "size": "1449.90000000", "price": "0.19903000", "time": "2025-07-16T00:19:01.635991Z", "fetched_at": "2025-07-16T00:23:25.228417+00:00", "symbol": "DOGE-USD"}, {"trade_id": 139193991, "side": "buy", "size": "1396.70000000", "price": "0.19903000", "time": "2025-07-16T00:19:01.635991Z", "fetched_at": "2025-07-16T00:23:25.228417+00:00", "symbol": "DOGE-USD"}, {"trade_id": 139193990, "side": "buy", "size": "3315.70000000", "price": "0.19903000", "time": "2025-07-16T00:19:01.635991Z", "fetched_at": "2025-07-16T00:23:25.228417+00:00", "symbol": "DOGE-USD"}, {"trade_id": 139193989, "side": "buy", "size": "394.10000000", "price": "0.19903000", "time": "2025-07-16T00:19:01.635991Z", "fetched_at": "2025-07-16T00:23:25.228417+00:00", "symbol": "DOGE-USD"}, {"trade_id": 139193988, "side": "buy", "size": "7828.30000000", "price": "0.19901000", "time": "2025-07-16T00:18:58.013365Z", "fetched_at": "2025-07-16T00:23:25.228417+00:00", "symbol": "DOGE-USD"}, {"trade_id": 139193987, "side": "buy", "size": "1675.80000000", "price": "0.19901000", "time": "2025-07-16T00:18:58.013365Z", "fetched_at": "2025-07-16T00:23:25.228417+00:00", "symbol": "DOGE-USD"}, {"trade_id": 139193986, "side": "buy", "size": "6.30000000", "price": "0.19902000", "time": "2025-07-16T00:18:58.013365Z", "fetched_at": "2025-07-16T00:23:25.228417+00:00", "symbol": "DOGE-USD"}, {"trade_id": 139193985, "side": "buy", "size": "5024.60000000", "price": "0.19902000", "time": "2025-07-16T00:18:58.013365Z", "fetched_at": "2025-07-16T00:23:25.228417+00:00", "symbol": "DOGE-USD"}, {"trade_id": 139193984, "side": "buy", "size": "491.20000000", "price": "0.19903000", "time": "2025-07-16T00:18:58.013365Z", "fetched_at": "2025-07-16T00:23:25.228417+00:00", "symbol": "DOGE-USD"}, {"trade_id": 139193983, "side": "buy", "size": "1372.60000000", "price": "0.19903000", "time": "2025-07-16T00:18:58.013365Z", "fetched_at": "2025-07-16T00:23:25.228417+00:00", "symbol": "DOGE-USD"}, {"trade_id": 139193982, "side": "buy", "size": "1598.90000000", "price": "0.19903000", "time": "2025-07-16T00:18:58.013365Z", "fetched_at": "2025-07-16T00:23:25.228417+00:00", "symbol": "DOGE-USD"}, {"trade_id": 139193981, "side": "buy", "size": "1433.70000000", "price": "0.19903000", "time": "2025-07-16T00:18:58.013365Z", "fetched_at": "2025-07-16T00:23:25.228417+00:00", "symbol": "DOGE-USD"}, {"trade_id": 139193980, "side": "buy", "size": "788.30000000", "price": "0.19903000", "time": "2025-07-16T00:18:58.013365Z", "fetched_at": "2025-07-16T00:23:25.228417+00:00", "symbol": "DOGE-USD"}, {"trade_id": 139193979, "side": "sell", "size": "137.90000000", "price": "0.19903000", "time": "2025-07-16T00:18:56.209347Z", "fetched_at": "2025-07-16T00:23:25.228417+00:00", "symbol": "DOGE-USD"}, {"trade_id": 139193978, "side": "buy", "size": "333.80000000", "price": "0.19902000", "time": "2025-07-16T00:18:55.872644Z", "fetched_at": "2025-07-16T00:23:25.228417+00:00", "symbol": "DOGE-USD"}, {"trade_id": 139193977, "side": "buy", "size": "1852.50000000", "price": "0.19902000", "time": "2025-07-16T00:18:55.840353Z", "fetched_at": "2025-07-16T00:23:25.228417+00:00", "symbol": "DOGE-USD"}, {"trade_id": 139193976, "side": "buy", "size": "1487.50000000", "price": "0.19902000", "time": "2025-07-16T00:18:55.840353Z", "fetched_at": "2025-07-16T00:23:25.228417+00:00", "symbol": "DOGE-USD"}, {"trade_id": 139193975, "side": "buy", "size": "1417.50000000", "price": "0.19902000", "time": "2025-07-16T00:18:55.840353Z", "fetched_at": "2025-07-16T00:23:25.228417+00:00", "symbol": "DOGE-USD"}, {"trade_id": 139193974, "side": "buy", "size": "700.00000000", "price": "0.19902000", "time": "2025-07-16T00:18:55.840353Z", "fetched_at": "2025-07-16T00:23:25.228417+00:00", "symbol": "DOGE-USD"}, {"trade_id": 139193973, "side": "buy", "size": "448.20000000", "price": "0.19902000", "time": "2025-07-16T00:18:55.840353Z", "fetched_at": "2025-07-16T00:23:25.228417+00:00", "symbol": "DOGE-USD"}, {"trade_id": 139193972, "side": "buy", "size": "434.60000000", "price": "0.19902000", "time": "2025-07-16T00:18:55.840353Z", "fetched_at": "2025-07-16T00:23:25.228417+00:00", "symbol": "DOGE-USD"}, {"trade_id": 139193971, "side": "sell", "size": "888.40000000", "price": "0.19902000", "time": "2025-07-16T00:18:54.822471Z", "fetched_at": "2025-07-16T00:23:25.228417+00:00", "symbol": "DOGE-USD"}, {"trade_id": 139193970, "side": "sell", "size": "5.60000000", "price": "0.19902000", "time": "2025-07-16T00:18:54.822471Z", "fetched_at": "2025-07-16T00:23:25.228417+00:00", "symbol": "DOGE-USD"}, {"trade_id": 139193969, "side": "sell", "size": "163.00000000", "price": "0.19902000", "time": "2025-07-16T00:18:54.822471Z", "fetched_at": "2025-07-16T00:23:25.228417+00:00", "symbol": "DOGE-USD"}, {"trade_id": 139193968, "side": "sell", "size": "888.40000000", "price": "0.19901000", "time": "2025-07-16T00:18:54.821493Z", "fetched_at": "2025-07-16T00:23:25.228417+00:00", "symbol": "DOGE-USD"}, {"trade_id": 139193967, "side": "buy", "size": "387.90000000", "price": "0.19899000", "time": "2025-07-16T00:18:54.422356Z", "fetched_at": "2025-07-16T00:23:25.228417+00:00", "symbol": "DOGE-USD"}, {"trade_id": 139193966, "side": "buy", "size": "434.60000000", "price": "0.19899000", "time": "2025-07-16T00:18:54.422356Z", "fetched_at": "2025-07-16T00:23:25.228417+00:00", "symbol": "DOGE-USD"}, {"trade_id": 139193965, "side": "buy", "size": "3866.00000000", "price": "0.19899000", "time": "2025-07-16T00:18:51.919064Z", "fetched_at": "2025-07-16T00:23:25.228417+00:00", "symbol": "DOGE-USD"}, {"trade_id": 139193964, "side": "sell", "size": "6.40000000", "price": "0.19901000", "time": "2025-07-16T00:18:51.668329Z", "fetched_at": "2025-07-16T00:23:25.228417+00:00", "symbol": "DOGE-USD"}, {"trade_id": 139193963, "side": "sell", "size": "5.60000000", "price": "0.19900000", "time": "2025-07-16T00:18:51.668329Z", "fetched_at": "2025-07-16T00:23:25.228417+00:00", "symbol": "DOGE-USD"}, {"trade_id": 139193962, "side": "sell", "size": "5.60000000", "price": "0.19898000", "time": "2025-07-16T00:18:49.912794Z", "fetched_at": "2025-07-16T00:23:25.228417+00:00", "symbol": "DOGE-USD"}, {"trade_id": 139193961, "side": "buy", "size": "50.40000000", "price": "0.19897000", "time": "2025-07-16T00:18:49.177493Z", "fetched_at": "2025-07-16T00:23:25.228417+00:00", "symbol": "DOGE-USD"}, {"trade_id": 139193960, "side": "buy", "size": "376.90000000", "price": "0.19892000", "time": "2025-07-16T00:18:43.636157Z", "fetched_at": "2025-07-16T00:23:25.228417+00:00", "symbol": "DOGE-USD"}, {"trade_id": 139193959, "side": "buy", "size": "5.60000000", "price": "0.19892000", "time": "2025-07-16T00:18:43.636157Z", "fetched_at": "2025-07-16T00:23:25.228417+00:00", "symbol": "DOGE-USD"}, {"trade_id": 139193958, "side": "sell", "size": "48.00000000", "price": "0.19895000", "time": "2025-07-16T00:18:41.733566Z", "fetched_at": "2025-07-16T00:23:25.228417+00:00", "symbol": "DOGE-USD"}, {"trade_id": 139193957, "side": "sell", "size": "67.60000000", "price": "0.19901000", "time": "2025-07-16T00:18:38.076726Z", "fetched_at": "2025-07-16T00:23:25.228417+00:00", "symbol": "DOGE-USD"}, {"trade_id": 139193956, "side": "sell", "size": "3033.90000000", "price": "0.19900000", "time": "2025-07-16T00:18:37.946211Z", "fetched_at": "2025-07-16T00:23:25.228417+00:00", "symbol": "DOGE-USD"}, {"trade_id": 139193955, "side": "sell", "size": "5.60000000", "price": "0.19900000", "time": "2025-07-16T00:18:37.946211Z", "fetched_at": "2025-07-16T00:23:25.228417+00:00", "symbol": "DOGE-USD"}, {"trade_id": 139193954, "side": "sell", "size": "5.60000000", "price": "0.19899000", "time": "2025-07-16T00:18:37.946211Z", "fetched_at": "2025-07-16T00:23:25.228417+00:00", "symbol": "DOGE-USD"}, {"trade_id": 139193953, "side": "sell", "size": "882.80000000", "price": "0.19899000", "time": "2025-07-16T00:18:37.943959Z", "fetched_at": "2025-07-16T00:23:25.228417+00:00", "symbol": "DOGE-USD"}, {"trade_id": 139193952, "side": "sell", "size": "5.60000000", "price": "0.19898000", "time": "2025-07-16T00:18:37.943959Z", "fetched_at": "2025-07-16T00:23:25.228417+00:00", "symbol": "DOGE-USD"}, {"trade_id": 139193951, "side": "sell", "size": "6.60000000", "price": "0.19897000", "time": "2025-07-16T00:18:37.940215Z", "fetched_at": "2025-07-16T00:23:25.228417+00:00", "symbol": "DOGE-USD"}, {"trade_id": 139193950, "side": "buy", "size": "789.70000000", "price": "0.19896000", "time": "2025-07-16T00:18:37.159875Z", "fetched_at": "2025-07-16T00:23:25.228417+00:00", "symbol": "DOGE-USD"}, {"trade_id": 139193949, "side": "buy", "size": "133.10000000", "price": "0.19896000", "time": "2025-07-16T00:18:36.149094Z", "fetched_at": "2025-07-16T00:23:25.228417+00:00", "symbol": "DOGE-USD"}, {"trade_id": 139193948, "side": "buy", "size": "434.60000000", "price": "0.19896000", "time": "2025-07-16T00:18:36.149094Z", "fetched_at": "2025-07-16T00:23:25.228417+00:00", "symbol": "DOGE-USD"}, {"trade_id": 139193947, "side": "buy", "size": "2479.90000000", "price": "0.19894000", "time": "2025-07-16T00:18:31.631854Z", "fetched_at": "2025-07-16T00:23:25.228417+00:00", "symbol": "DOGE-USD"}, {"trade_id": 139193946, "side": "buy", "size": "784.10000000", "price": "0.19894000", "time": "2025-07-16T00:18:31.621854Z", "fetched_at": "2025-07-16T00:23:25.228417+00:00", "symbol": "DOGE-USD"}, {"trade_id": 139193945, "side": "buy", "size": "5.60000000", "price": "0.19894000", "time": "2025-07-16T00:18:31.621854Z", "fetched_at": "2025-07-16T00:23:25.228417+00:00", "symbol": "DOGE-USD"}, {"trade_id": 139193944, "side": "buy", "size": "331.10000000", "price": "0.19895000", "time": "2025-07-16T00:18:28.420189Z", "fetched_at": "2025-07-16T00:23:25.228417+00:00", "symbol": "DOGE-USD"}, {"trade_id": 139193943, "side": "buy", "size": "2970.00000000", "price": "0.19897000", "time": "2025-07-16T00:18:28.201824Z", "fetched_at": "2025-07-16T00:23:25.228417+00:00", "symbol": "DOGE-USD"}, {"trade_id": 139193942, "side": "buy", "size": "789.70000000", "price": "0.19897000", "time": "2025-07-16T00:18:28.200679Z", "fetched_at": "2025-07-16T00:23:25.228417+00:00", "symbol": "DOGE-USD"}, {"trade_id": 139193941, "side": "buy", "size": "4101.60000000", "price": "0.19898000", "time": "2025-07-16T00:18:27.202712Z", "fetched_at": "2025-07-16T00:23:25.228417+00:00", "symbol": "DOGE-USD"}, {"trade_id": 139193940, "side": "buy", "size": "86.90000000", "price": "0.19898000", "time": "2025-07-16T00:18:27.202712Z", "fetched_at": "2025-07-16T00:23:25.228417+00:00", "symbol": "DOGE-USD"}, {"trade_id": 139193939, "side": "sell", "size": "14.20000000", "price": "0.19900000", "time": "2025-07-16T00:18:24.247508Z", "fetched_at": "2025-07-16T00:23:25.228417+00:00", "symbol": "DOGE-USD"}, {"trade_id": 139193938, "side": "sell", "size": "87.70000000", "price": "0.19900000", "time": "2025-07-16T00:18:24.247508Z", "fetched_at": "2025-07-16T00:23:25.228417+00:00", "symbol": "DOGE-USD"}, {"trade_id": 139193937, "side": "sell", "size": "5.60000000", "price": "0.19900000", "time": "2025-07-16T00:18:24.247508Z", "fetched_at": "2025-07-16T00:23:25.228417+00:00", "symbol": "DOGE-USD"}, {"trade_id": 139193936, "side": "buy", "size": "420.80000000", "price": "0.19897000", "time": "2025-07-16T00:18:23.963365Z", "fetched_at": "2025-07-16T00:23:25.228417+00:00", "symbol": "DOGE-USD"}, {"trade_id": 139193935, "side": "buy", "size": "86.90000000", "price": "0.19898000", "time": "2025-07-16T00:18:23.963365Z", "fetched_at": "2025-07-16T00:23:25.228417+00:00", "symbol": "DOGE-USD"}, {"trade_id": 139193934, "side": "buy", "size": "166.10000000", "price": "0.19899000", "time": "2025-07-16T00:18:23.886605Z", "fetched_at": "2025-07-16T00:23:25.228417+00:00", "symbol": "DOGE-USD"}, {"trade_id": 139193933, "side": "buy", "size": "130.30000000", "price": "0.19899000", "time": "2025-07-16T00:18:23.886605Z", "fetched_at": "2025-07-16T00:23:25.228417+00:00", "symbol": "DOGE-USD"}, {"trade_id": 139193932, "side": "sell", "size": "368.20000000", "price": "0.19899000", "time": "2025-07-16T00:18:23.073847Z", "fetched_at": "2025-07-16T00:23:25.228417+00:00", "symbol": "DOGE-USD"}, {"trade_id": 139193931, "side": "sell", "size": "123.00000000", "price": "0.19899000", "time": "2025-07-16T00:18:23.073847Z", "fetched_at": "2025-07-16T00:23:25.228417+00:00", "symbol": "DOGE-USD"}, {"trade_id": 139193930, "side": "sell", "size": "10000.00000000", "price": "0.19898000", "time": "2025-07-16T00:18:23.060566Z", "fetched_at": "2025-07-16T00:23:25.228417+00:00", "symbol": "DOGE-USD"}, {"trade_id": 139193929, "side": "sell", "size": "1328.60000000", "price": "0.19898000", "time": "2025-07-16T00:18:23.060566Z", "fetched_at": "2025-07-16T00:23:25.228417+00:00", "symbol": "DOGE-USD"}, {"trade_id": 139193928, "side": "sell", "size": "5.60000000", "price": "0.19898000", "time": "2025-07-16T00:18:23.060566Z", "fetched_at": "2025-07-16T00:23:25.228417+00:00", "symbol": "DOGE-USD"}, {"trade_id": 139193927, "side": "sell", "size": "2000.00000000", "price": "0.19897000", "time": "2025-07-16T00:18:23.058582Z", "fetched_at": "2025-07-16T00:23:25.228417+00:00", "symbol": "DOGE-USD"}, {"trade_id": 139193926, "side": "sell", "size": "9313.10000000", "price": "0.19897000", "time": "2025-07-16T00:18:23.058582Z", "fetched_at": "2025-07-16T00:23:25.228417+00:00", "symbol": "DOGE-USD"}, {"trade_id": 139193925, "side": "sell", "size": "367.70000000", "price": "0.19895000", "time": "2025-07-16T00:18:23.058582Z", "fetched_at": "2025-07-16T00:23:25.228417+00:00", "symbol": "DOGE-USD"}, {"trade_id": 139193924, "side": "sell", "size": "4737.90000000", "price": "0.19894000", "time": "2025-07-16T00:18:23.058582Z", "fetched_at": "2025-07-16T00:23:25.228417+00:00", "symbol": "DOGE-USD"}, {"trade_id": 139193923, "side": "sell", "size": "2649.60000000", "price": "0.19895000", "time": "2025-07-16T00:18:23.056193Z", "fetched_at": "2025-07-16T00:23:25.228417+00:00", "symbol": "DOGE-USD"}, {"trade_id": 139193922, "side": "sell", "size": "1593.00000000", "price": "0.19896000", "time": "2025-07-16T00:18:23.052767Z", "fetched_at": "2025-07-16T00:23:25.228417+00:00", "symbol": "DOGE-USD"}, {"trade_id": 139193921, "side": "sell", "size": "5.60000000", "price": "0.19896000", "time": "2025-07-16T00:18:23.052767Z", "fetched_at": "2025-07-16T00:23:25.228417+00:00", "symbol": "DOGE-USD"}, {"trade_id": 139193920, "side": "sell", "size": "18716.60000000", "price": "0.19893000", "time": "2025-07-16T00:18:23.049088Z", "fetched_at": "2025-07-16T00:23:25.228417+00:00", "symbol": "DOGE-USD"}, {"trade_id": 139193919, "side": "sell", "size": "888.40000000", "price": "0.19892000", "time": "2025-07-16T00:18:23.049088Z", "fetched_at": "2025-07-16T00:23:25.228417+00:00", "symbol": "DOGE-USD"}, {"trade_id": 139193918, "side": "sell", "size": "5.60000000", "price": "0.19892000", "time": "2025-07-16T00:18:23.049088Z", "fetched_at": "2025-07-16T00:23:25.228417+00:00", "symbol": "DOGE-USD"}, {"trade_id": 139193917, "side": "sell", "size": "2000.00000000", "price": "0.19889000", "time": "2025-07-16T00:18:20.762360Z", "fetched_at": "2025-07-16T00:23:25.228417+00:00", "symbol": "DOGE-USD"}, {"trade_id": 139193916, "side": "sell", "size": "888.40000000", "price": "0.19884000", "time": "2025-07-16T00:18:20.093665Z", "fetched_at": "2025-07-16T00:23:25.228417+00:00", "symbol": "DOGE-USD"}, {"trade_id": 139193915, "side": "sell", "size": "1100.90000000", "price": "0.19886000", "time": "2025-07-16T00:18:19.215818Z", "fetched_at": "2025-07-16T00:23:25.228417+00:00", "symbol": "DOGE-USD"}, {"trade_id": 139193914, "side": "sell", "size": "1675.80000000", "price": "0.19886000", "time": "2025-07-16T00:18:19.215818Z", "fetched_at": "2025-07-16T00:23:25.228417+00:00", "symbol": "DOGE-USD"}, {"trade_id": 139193913, "side": "sell", "size": "491.40000000", "price": "0.19885000", "time": "2025-07-16T00:18:19.215818Z", "fetched_at": "2025-07-16T00:23:25.228417+00:00", "symbol": "DOGE-USD"}, {"trade_id": 139193912, "side": "sell", "size": "888.40000000", "price": "0.19884000", "time": "2025-07-16T00:18:19.215818Z", "fetched_at": "2025-07-16T00:23:25.228417+00:00", "symbol": "DOGE-USD"}, {"trade_id": 139193911, "side": "buy", "size": "491.40000000", "price": "0.19883000", "time": "2025-07-16T00:18:19.136456Z", "fetched_at": "2025-07-16T00:23:25.228417+00:00", "symbol": "DOGE-USD"}, {"trade_id": 139193910, "side": "buy", "size": "5.60000000", "price": "0.19884000", "time": "2025-07-16T00:18:19.136456Z", "fetched_at": "2025-07-16T00:23:25.228417+00:00", "symbol": "DOGE-USD"}, {"trade_id": 139193909, "side": "buy", "size": "5.60000000", "price": "0.19886000", "time": "2025-07-16T00:18:19.136456Z", "fetched_at": "2025-07-16T00:23:25.228417+00:00", "symbol": "DOGE-USD"}, {"trade_id": 139193908, "side": "sell", "size": "1690.20000000", "price": "0.19888000", "time": "2025-07-16T00:18:17.890535Z", "fetched_at": "2025-07-16T00:23:25.228417+00:00", "symbol": "DOGE-USD"}, {"trade_id": 139193907, "side": "sell", "size": "888.40000000", "price": "0.19887000", "time": "2025-07-16T00:18:17.890535Z", "fetched_at": "2025-07-16T00:23:25.228417+00:00", "symbol": "DOGE-USD"}, {"trade_id": 139193906, "side": "sell", "size": "700.00000000", "price": "0.19887000", "time": "2025-07-16T00:18:17.890535Z", "fetched_at": "2025-07-16T00:23:25.228417+00:00", "symbol": "DOGE-USD"}, {"trade_id": 139193905, "side": "sell", "size": "423.40000000", "price": "0.19887000", "time": "2025-07-16T00:18:17.890535Z", "fetched_at": "2025-07-16T00:23:25.228417+00:00", "symbol": "DOGE-USD"}, {"trade_id": 139193904, "side": "sell", "size": "624.10000000", "price": "0.19887000", "time": "2025-07-16T00:18:17.890535Z", "fetched_at": "2025-07-16T00:23:25.228417+00:00", "symbol": "DOGE-USD"}, {"trade_id": 139193903, "side": "buy", "size": "2062.10000000", "price": "0.19887000", "time": "2025-07-16T00:18:17.808990Z", "fetched_at": "2025-07-16T00:23:25.228417+00:00", "symbol": "DOGE-USD"}, {"trade_id": 139193902, "side": "buy", "size": "13005.30000000", "price": "0.19887000", "time": "2025-07-16T00:18:17.808568Z", "fetched_at": "2025-07-16T00:23:25.228417+00:00", "symbol": "DOGE-USD"}, {"trade_id": 139193901, "side": "buy", "size": "3649.80000000", "price": "0.19887000", "time": "2025-07-16T00:18:17.808483Z", "fetched_at": "2025-07-16T00:23:25.228417+00:00", "symbol": "DOGE-USD"}, {"trade_id": 139193900, "side": "buy", "size": "700.00000000", "price": "0.19888000", "time": "2025-07-16T00:18:17.793999Z", "fetched_at": "2025-07-16T00:23:25.228417+00:00", "symbol": "DOGE-USD"}, {"trade_id": 139193899, "side": "buy", "size": "5.60000000", "price": "0.19888000", "time": "2025-07-16T00:18:17.793999Z", "fetched_at": "2025-07-16T00:23:25.228417+00:00", "symbol": "DOGE-USD"}, {"trade_id": 139193898, "side": "buy", "size": "5.60000000", "price": "0.19890000", "time": "2025-07-16T00:18:17.793999Z", "fetched_at": "2025-07-16T00:23:25.228417+00:00", "symbol": "DOGE-USD"}, {"trade_id": 139193897, "side": "buy", "size": "4483.20000000", "price": "0.19891000", "time": "2025-07-16T00:18:17.297303Z", "fetched_at": "2025-07-16T00:23:25.228417+00:00", "symbol": "DOGE-USD"}, {"trade_id": 139193896, "side": "buy", "size": "789.70000000", "price": "0.19891000", "time": "2025-07-16T00:18:17.143865Z", "fetched_at": "2025-07-16T00:23:25.228417+00:00", "symbol": "DOGE-USD"}, {"trade_id": 139193895, "side": "buy", "size": "109.60000000", "price": "0.19891000", "time": "2025-07-16T00:18:16.921943Z", "fetched_at": "2025-07-16T00:23:25.228417+00:00", "symbol": "DOGE-USD"}, {"trade_id": 139193894, "side": "sell", "size": "148.90000000", "price": "0.19894000", "time": "2025-07-16T00:18:11.342293Z", "fetched_at": "2025-07-16T00:23:25.228417+00:00", "symbol": "DOGE-USD"}, {"trade_id": 139193893, "side": "buy", "size": "17937.20000000", "price": "0.19894000", "time": "2025-07-16T00:18:10.925655Z", "fetched_at": "2025-07-16T00:23:25.228417+00:00", "symbol": "DOGE-USD"}, {"trade_id": 139193892, "side": "buy", "size": "789.70000000", "price": "0.19894000", "time": "2025-07-16T00:18:10.861237Z", "fetched_at": "2025-07-16T00:23:25.228417+00:00", "symbol": "DOGE-USD"}, {"trade_id": 139193891, "side": "sell", "size": "5.60000000", "price": "0.19894000", "time": "2025-07-16T00:18:09.821343Z", "fetched_at": "2025-07-16T00:23:25.228417+00:00", "symbol": "DOGE-USD"}, {"trade_id": 139193890, "side": "sell", "size": "5.60000000", "price": "0.19892000", "time": "2025-07-16T00:18:07.850164Z", "fetched_at": "2025-07-16T00:23:25.228417+00:00", "symbol": "DOGE-USD"}, {"trade_id": 139193889, "side": "sell", "size": "5.60000000", "price": "0.19890000", "time": "2025-07-16T00:18:06.487020Z", "fetched_at": "2025-07-16T00:23:25.228417+00:00", "symbol": "DOGE-USD"}, {"trade_id": 139193888, "side": "sell", "size": "138.00000000", "price": "0.19889000", "time": "2025-07-16T00:18:06.472717Z", "fetched_at": "2025-07-16T00:23:25.228417+00:00", "symbol": "DOGE-USD"}, {"trade_id": 139193887, "side": "sell", "size": "888.40000000", "price": "0.19888000", "time": "2025-07-16T00:18:05.319546Z", "fetched_at": "2025-07-16T00:23:25.228417+00:00", "symbol": "DOGE-USD"}, {"trade_id": 139193886, "side": "sell", "size": "2000.00000000", "price": "0.19888000", "time": "2025-07-16T00:18:05.319546Z", "fetched_at": "2025-07-16T00:23:25.228417+00:00", "symbol": "DOGE-USD"}, {"trade_id": 139193885, "side": "sell", "size": "5.60000000", "price": "0.19888000", "time": "2025-07-16T00:18:05.319546Z", "fetched_at": "2025-07-16T00:23:25.228417+00:00", "symbol": "DOGE-USD"}, {"trade_id": 139193884, "side": "sell", "size": "168.30000000", "price": "0.19888000", "time": "2025-07-16T00:18:05.319546Z", "fetched_at": "2025-07-16T00:23:25.228417+00:00", "symbol": "DOGE-USD"}, {"trade_id": 139193883, "side": "sell", "size": "888.40000000", "price": "0.19887000", "time": "2025-07-16T00:18:05.319546Z", "fetched_at": "2025-07-16T00:23:25.228417+00:00", "symbol": "DOGE-USD"}, {"trade_id": 139193882, "side": "sell", "size": "77.50000000", "price": "0.19887000", "time": "2025-07-16T00:18:05.319546Z", "fetched_at": "2025-07-16T00:23:25.228417+00:00", "symbol": "DOGE-USD"}, {"trade_id": 139193881, "side": "sell", "size": "5.60000000", "price": "0.19886000", "time": "2025-07-16T00:18:05.319546Z", "fetched_at": "2025-07-16T00:23:25.228417+00:00", "symbol": "DOGE-USD"}, {"trade_id": 139193880, "side": "sell", "size": "153.10000000", "price": "0.19886000", "time": "2025-07-16T00:18:05.319546Z", "fetched_at": "2025-07-16T00:23:25.228417+00:00", "symbol": "DOGE-USD"}, {"trade_id": 139193879, "side": "sell", "size": "27.20000000", "price": "0.19885000", "time": "2025-07-16T00:18:04.273017Z", "fetched_at": "2025-07-16T00:23:25.228417+00:00", "symbol": "DOGE-USD"}, {"trade_id": 139193878, "side": "sell", "size": "5.60000000", "price": "0.19884000", "time": "2025-07-16T00:18:01.166149Z", "fetched_at": "2025-07-16T00:23:25.228417+00:00", "symbol": "DOGE-USD"}, {"trade_id": 139193877, "side": "sell", "size": "82.60000000", "price": "0.19884000", "time": "2025-07-16T00:18:01.166149Z", "fetched_at": "2025-07-16T00:23:25.228417+00:00", "symbol": "DOGE-USD"}, {"trade_id": 139193876, "side": "sell", "size": "5.60000000", "price": "0.19882000", "time": "2025-07-16T00:17:59.460734Z", "fetched_at": "2025-07-16T00:23:25.228417+00:00", "symbol": "DOGE-USD"}, {"trade_id": 139193875, "side": "sell", "size": "0.60000000", "price": "0.19879000", "time": "2025-07-16T00:17:56.274268Z", "fetched_at": "2025-07-16T00:23:25.228417+00:00", "symbol": "DOGE-USD"}, {"trade_id": 139193874, "side": "buy", "size": "434.60000000", "price": "0.19883000", "time": "2025-07-16T00:17:54.384726Z", "fetched_at": "2025-07-16T00:23:25.228417+00:00", "symbol": "DOGE-USD"}, {"trade_id": 139193873, "side": "buy", "size": "403.20000000", "price": "0.19883000", "time": "2025-07-16T00:17:54.384726Z", "fetched_at": "2025-07-16T00:23:25.228417+00:00", "symbol": "DOGE-USD"}, {"trade_id": 139193872, "side": "sell", "size": "2000.00000000", "price": "0.19883000", "time": "2025-07-16T00:17:54.267808Z", "fetched_at": "2025-07-16T00:23:25.228417+00:00", "symbol": "DOGE-USD"}, {"trade_id": 139193871, "side": "sell", "size": "1360.40000000", "price": "0.19883000", "time": "2025-07-16T00:17:54.267808Z", "fetched_at": "2025-07-16T00:23:25.228417+00:00", "symbol": "DOGE-USD"}, {"trade_id": 139193870, "side": "sell", "size": "1870.80000000", "price": "0.19883000", "time": "2025-07-16T00:17:54.267808Z", "fetched_at": "2025-07-16T00:23:25.228417+00:00", "symbol": "DOGE-USD"}, {"trade_id": 139193869, "side": "sell", "size": "18759.20000000", "price": "0.19883000", "time": "2025-07-16T00:17:54.267808Z", "fetched_at": "2025-07-16T00:23:25.228417+00:00", "symbol": "DOGE-USD"}, {"trade_id": 139193868, "side": "sell", "size": "5113.30000000", "price": "0.19883000", "time": "2025-07-16T00:17:54.267508Z", "fetched_at": "2025-07-16T00:23:25.228417+00:00", "symbol": "DOGE-USD"}, {"trade_id": 139193867, "side": "sell", "size": "1675.80000000", "price": "0.19883000", "time": "2025-07-16T00:17:54.267508Z", "fetched_at": "2025-07-16T00:23:25.228417+00:00", "symbol": "DOGE-USD"}, {"trade_id": 139193866, "side": "sell", "size": "72.50000000", "price": "0.19883000", "time": "2025-07-16T00:17:54.267508Z", "fetched_at": "2025-07-16T00:23:25.228417+00:00", "symbol": "DOGE-USD"}, {"trade_id": 139193865, "side": "sell", "size": "3019.70000000", "price": "0.19881000", "time": "2025-07-16T00:17:54.267508Z", "fetched_at": "2025-07-16T00:23:25.228417+00:00", "symbol": "DOGE-USD"}, {"trade_id": 139193864, "side": "sell", "size": "1718.20000000", "price": "0.19880000", "time": "2025-07-16T00:17:54.267508Z", "fetched_at": "2025-07-16T00:23:25.228417+00:00", "symbol": "DOGE-USD"}, {"trade_id": 139193863, "side": "sell", "size": "3019.70000000", "price": "0.19880000", "time": "2025-07-16T00:17:54.265596Z", "fetched_at": "2025-07-16T00:23:25.228417+00:00", "symbol": "DOGE-USD"}, {"trade_id": 139193862, "side": "sell", "size": "3779.50000000", "price": "0.19882000", "time": "2025-07-16T00:17:54.255856Z", "fetched_at": "2025-07-16T00:23:25.228417+00:00", "symbol": "DOGE-USD"}, {"trade_id": 139193861, "side": "sell", "size": "6877.60000000", "price": "0.19882000", "time": "2025-07-16T00:17:54.255856Z", "fetched_at": "2025-07-16T00:23:25.228417+00:00", "symbol": "DOGE-USD"}, {"trade_id": 139193860, "side": "sell", "size": "7733.00000000", "price": "0.19882000", "time": "2025-07-16T00:17:54.255856Z", "fetched_at": "2025-07-16T00:23:25.228417+00:00", "symbol": "DOGE-USD"}, {"trade_id": 139193859, "side": "sell", "size": "6565.00000000", "price": "0.19882000", "time": "2025-07-16T00:17:54.255856Z", "fetched_at": "2025-07-16T00:23:25.228417+00:00", "symbol": "DOGE-USD"}, {"trade_id": 139193858, "side": "sell", "size": "10607.00000000", "price": "0.19882000", "time": "2025-07-16T00:17:54.255856Z", "fetched_at": "2025-07-16T00:23:25.228417+00:00", "symbol": "DOGE-USD"}, {"trade_id": 139193857, "side": "sell", "size": "2087.30000000", "price": "0.19882000", "time": "2025-07-16T00:17:54.255856Z", "fetched_at": "2025-07-16T00:23:25.228417+00:00", "symbol": "DOGE-USD"}, {"trade_id": 139193856, "side": "sell", "size": "2185.40000000", "price": "0.19882000", "time": "2025-07-16T00:17:54.255856Z", "fetched_at": "2025-07-16T00:23:25.228417+00:00", "symbol": "DOGE-USD"}, {"trade_id": 139193855, "side": "sell", "size": "1675.80000000", "price": "0.19882000", "time": "2025-07-16T00:17:54.255856Z", "fetched_at": "2025-07-16T00:23:25.228417+00:00", "symbol": "DOGE-USD"}, {"trade_id": 139193854, "side": "sell", "size": "5.60000000", "price": "0.19882000", "time": "2025-07-16T00:17:54.255856Z", "fetched_at": "2025-07-16T00:23:25.228417+00:00", "symbol": "DOGE-USD"}, {"trade_id": 139193853, "side": "sell", "size": "22.30000000", "price": "0.19882000", "time": "2025-07-16T00:17:54.255856Z", "fetched_at": "2025-07-16T00:23:25.228417+00:00", "symbol": "DOGE-USD"}, {"trade_id": 139193852, "side": "sell", "size": "3780.10000000", "price": "0.19881000", "time": "2025-07-16T00:17:54.255856Z", "fetched_at": "2025-07-16T00:23:25.228417+00:00", "symbol": "DOGE-USD"}, {"trade_id": 139193851, "side": "sell", "size": "2771.30000000", "price": "0.19881000", "time": "2025-07-16T00:17:54.255856Z", "fetched_at": "2025-07-16T00:23:25.228417+00:00", "symbol": "DOGE-USD"}, {"trade_id": 139193850, "side": "sell", "size": "1675.80000000", "price": "0.19881000", "time": "2025-07-16T00:17:54.255856Z", "fetched_at": "2025-07-16T00:23:25.228417+00:00", "symbol": "DOGE-USD"}, {"trade_id": 139193849, "side": "sell", "size": "1593.00000000", "price": "0.19881000", "time": "2025-07-16T00:17:54.255856Z", "fetched_at": "2025-07-16T00:23:25.228417+00:00", "symbol": "DOGE-USD"}, {"trade_id": 139193848, "side": "sell", "size": "5.60000000", "price": "0.19880000", "time": "2025-07-16T00:17:54.254302Z", "fetched_at": "2025-07-16T00:23:25.228417+00:00", "symbol": "DOGE-USD"}, {"trade_id": 139193847, "side": "sell", "size": "888.40000000", "price": "0.19879000", "time": "2025-07-16T00:17:54.254302Z", "fetched_at": "2025-07-16T00:23:25.228417+00:00", "symbol": "DOGE-USD"}, {"trade_id": 139193846, "side": "sell", "size": "5.60000000", "price": "0.19878000", "time": "2025-07-16T00:17:54.254302Z", "fetched_at": "2025-07-16T00:23:25.228417+00:00", "symbol": "DOGE-USD"}, {"trade_id": 139193845, "side": "buy", "size": "82.00000000", "price": "0.19874000", "time": "2025-07-16T00:17:51.122815Z", "fetched_at": "2025-07-16T00:23:25.228417+00:00", "symbol": "DOGE-USD"}, {"trade_id": 139193844, "side": "buy", "size": "4423.10000000", "price": "0.19877000", "time": "2025-07-16T00:17:49.952208Z", "fetched_at": "2025-07-16T00:23:25.228417+00:00", "symbol": "DOGE-USD"}, {"trade_id": 139193843, "side": "buy", "size": "711.60000000", "price": "0.19877000", "time": "2025-07-16T00:17:49.817731Z", "fetched_at": "2025-07-16T00:23:25.228417+00:00", "symbol": "DOGE-USD"}, {"trade_id": 139193842, "side": "buy", "size": "78.10000000", "price": "0.19877000", "time": "2025-07-16T00:17:49.817731Z", "fetched_at": "2025-07-16T00:23:25.228417+00:00", "symbol": "DOGE-USD"}, {"trade_id": 139193841, "side": "sell", "size": "12.70000000", "price": "0.19877000", "time": "2025-07-16T00:17:47.240916Z", "fetched_at": "2025-07-16T00:23:25.228417+00:00", "symbol": "DOGE-USD"}, {"trade_id": 139193840, "side": "sell", "size": "5.60000000", "price": "0.19876000", "time": "2025-07-16T00:17:47.240916Z", "fetched_at": "2025-07-16T00:23:25.228417+00:00", "symbol": "DOGE-USD"}, {"trade_id": 139193839, "side": "sell", "size": "5.60000000", "price": "0.19874000", "time": "2025-07-16T00:17:45.288546Z", "fetched_at": "2025-07-16T00:23:25.228417+00:00", "symbol": "DOGE-USD"}, {"trade_id": 139193838, "side": "sell", "size": "18766.60000000", "price": "0.19873000", "time": "2025-07-16T00:17:45.184141Z", "fetched_at": "2025-07-16T00:23:25.228417+00:00", "symbol": "DOGE-USD"}, {"trade_id": 139193837, "side": "sell", "size": "3198.20000000", "price": "0.19873000", "time": "2025-07-16T00:17:45.184141Z", "fetched_at": "2025-07-16T00:23:25.228417+00:00", "symbol": "DOGE-USD"}, {"trade_id": 139193836, "side": "sell", "size": "1675.80000000", "price": "0.19873000", "time": "2025-07-16T00:17:45.184141Z", "fetched_at": "2025-07-16T00:23:25.228417+00:00", "symbol": "DOGE-USD"}, {"trade_id": 139193835, "side": "sell", "size": "888.40000000", "price": "0.19872000", "time": "2025-07-16T00:17:45.183018Z", "fetched_at": "2025-07-16T00:23:25.228417+00:00", "symbol": "DOGE-USD"}, {"trade_id": 139193834, "side": "sell", "size": "5.60000000", "price": "0.19872000", "time": "2025-07-16T00:17:45.183018Z", "fetched_at": "2025-07-16T00:23:25.228417+00:00", "symbol": "DOGE-USD"}, {"trade_id": 139193833, "side": "sell", "size": "888.40000000", "price": "0.19871000", "time": "2025-07-16T00:17:45.183018Z", "fetched_at": "2025-07-16T00:23:25.228417+00:00", "symbol": "DOGE-USD"}, {"trade_id": 139193832, "side": "sell", "size": "5.60000000", "price": "0.19870000", "time": "2025-07-16T00:17:45.183018Z", "fetched_at": "2025-07-16T00:23:25.228417+00:00", "symbol": "DOGE-USD"}, {"trade_id": 139193831, "side": "sell", "size": "8319.90000000", "price": "0.19869000", "time": "2025-07-16T00:17:43.970134Z", "fetched_at": "2025-07-16T00:23:25.228417+00:00", "symbol": "DOGE-USD"}, {"trade_id": 139193830, "side": "sell", "size": "1675.80000000", "price": "0.19869000", "time": "2025-07-16T00:17:43.970134Z", "fetched_at": "2025-07-16T00:23:25.228417+00:00", "symbol": "DOGE-USD"}, {"trade_id": 139193829, "side": "sell", "size": "888.40000000", "price": "0.19868000", "time": "2025-07-16T00:17:43.970134Z", "fetched_at": "2025-07-16T00:23:25.228417+00:00", "symbol": "DOGE-USD"}, {"trade_id": 139193828, "side": "sell", "size": "5.60000000", "price": "0.19868000", "time": "2025-07-16T00:17:43.970134Z", "fetched_at": "2025-07-16T00:23:25.228417+00:00", "symbol": "DOGE-USD"}, {"trade_id": 139193827, "side": "buy", "size": "56.50000000", "price": "0.19865000", "time": "2025-07-16T00:17:43.136912Z", "fetched_at": "2025-07-16T00:23:25.228417+00:00", "symbol": "DOGE-USD"}, {"trade_id": 139193826, "side": "buy", "size": "789.70000000", "price": "0.19866000", "time": "2025-07-16T00:17:42.100798Z", "fetched_at": "2025-07-16T00:23:25.228417+00:00", "symbol": "DOGE-USD"}, {"trade_id": 139193825, "side": "sell", "size": "9585.40000000", "price": "0.19866000", "time": "2025-07-16T00:17:41.817741Z", "fetched_at": "2025-07-16T00:23:25.228417+00:00", "symbol": "DOGE-USD"}, {"trade_id": 139193824, "side": "sell", "size": "1675.80000000", "price": "0.19866000", "time": "2025-07-16T00:17:41.817741Z", "fetched_at": "2025-07-16T00:23:25.228417+00:00", "symbol": "DOGE-USD"}, {"trade_id": 139193823, "side": "sell", "size": "888.40000000", "price": "0.19865000", "time": "2025-07-16T00:17:41.817741Z", "fetched_at": "2025-07-16T00:23:25.228417+00:00", "symbol": "DOGE-USD"}, {"trade_id": 139193822, "side": "sell", "size": "888.40000000", "price": "0.19864000", "time": "2025-07-16T00:17:39.813540Z", "fetched_at": "2025-07-16T00:23:25.228417+00:00", "symbol": "DOGE-USD"}, {"trade_id": 139193821, "side": "sell", "size": "4737.90000000", "price": "0.19864000", "time": "2025-07-16T00:17:39.813540Z", "fetched_at": "2025-07-16T00:23:25.228417+00:00", "symbol": "DOGE-USD"}, {"trade_id": 139193820, "side": "sell", "size": "1773.70000000", "price": "0.19864000", "time": "2025-07-16T00:17:39.813540Z", "fetched_at": "2025-07-16T00:23:25.228417+00:00", "symbol": "DOGE-USD"}, {"trade_id": 139193819, "side": "sell", "size": "1675.80000000", "price": "0.19864000", "time": "2025-07-16T00:17:39.813540Z", "fetched_at": "2025-07-16T00:23:25.228417+00:00", "symbol": "DOGE-USD"}, {"trade_id": 139193818, "side": "buy", "size": "0.40000000", "price": "0.19862000", "time": "2025-07-16T00:17:35.633390Z", "fetched_at": "2025-07-16T00:23:25.228417+00:00", "symbol": "DOGE-USD"}, {"trade_id": 139193817, "side": "buy", "size": "5.60000000", "price": "0.19864000", "time": "2025-07-16T00:17:35.633390Z", "fetched_at": "2025-07-16T00:23:25.228417+00:00", "symbol": "DOGE-USD"}, {"trade_id": 139193816, "side": "buy", "size": "5.60000000", "price": "0.19866000", "time": "2025-07-16T00:17:35.504633Z", "fetched_at": "2025-07-16T00:23:25.228417+00:00", "symbol": "DOGE-USD"}, {"trade_id": 139193815, "side": "buy", "size": "5.60000000", "price": "0.19868000", "time": "2025-07-16T00:17:35.282722Z", "fetched_at": "2025-07-16T00:23:25.228417+00:00", "symbol": "DOGE-USD"}, {"trade_id": 139193814, "side": "buy", "size": "4147.30000000", "price": "0.19870000", "time": "2025-07-16T00:17:34.913949Z", "fetched_at": "2025-07-16T00:23:25.228417+00:00", "symbol": "DOGE-USD"}, {"trade_id": 139193813, "side": "buy", "size": "5.60000000", "price": "0.19870000", "time": "2025-07-16T00:17:34.913949Z", "fetched_at": "2025-07-16T00:23:25.228417+00:00", "symbol": "DOGE-USD"}, {"trade_id": 139193812, "side": "buy", "size": "270.00000000", "price": "0.19870000", "time": "2025-07-16T00:17:34.913949Z", "fetched_at": "2025-07-16T00:23:25.228417+00:00", "symbol": "DOGE-USD"}, {"trade_id": 139193811, "side": "buy", "size": "5.60000000", "price": "0.19872000", "time": "2025-07-16T00:17:34.662965Z", "fetched_at": "2025-07-16T00:23:25.228417+00:00", "symbol": "DOGE-USD"}, {"trade_id": 139193810, "side": "buy", "size": "3927.30000000", "price": "0.19874000", "time": "2025-07-16T00:17:33.967933Z", "fetched_at": "2025-07-16T00:23:25.228417+00:00", "symbol": "DOGE-USD"}, {"trade_id": 139193809, "side": "buy", "size": "5.60000000", "price": "0.19874000", "time": "2025-07-16T00:17:33.967933Z", "fetched_at": "2025-07-16T00:23:25.228417+00:00", "symbol": "DOGE-USD"}, {"trade_id": 139193808, "side": "buy", "size": "4278.20000000", "price": "0.19876000", "time": "2025-07-16T00:17:30.547636Z", "fetched_at": "2025-07-16T00:23:25.228417+00:00", "symbol": "DOGE-USD"}, {"trade_id": 139193807, "side": "buy", "size": "5.60000000", "price": "0.19876000", "time": "2025-07-16T00:17:30.547636Z", "fetched_at": "2025-07-16T00:23:25.228417+00:00", "symbol": "DOGE-USD"}, {"trade_id": 139193806, "side": "buy", "size": "4653.20000000", "price": "0.19877000", "time": "2025-07-16T00:17:29.893577Z", "fetched_at": "2025-07-16T00:23:25.228417+00:00", "symbol": "DOGE-USD"}, {"trade_id": 139193805, "side": "sell", "size": "888.40000000", "price": "0.19878000", "time": "2025-07-16T00:17:26.216389Z", "fetched_at": "2025-07-16T00:23:25.228417+00:00", "symbol": "DOGE-USD"}, {"trade_id": 139193804, "side": "buy", "size": "4434.30000000", "price": "0.19881000", "time": "2025-07-16T00:17:24.421705Z", "fetched_at": "2025-07-16T00:23:25.228417+00:00", "symbol": "DOGE-USD"}, {"trade_id": 139193803, "side": "buy", "size": "100.90000000", "price": "0.19881000", "time": "2025-07-16T00:17:22.075316Z", "fetched_at": "2025-07-16T00:23:25.228417+00:00", "symbol": "DOGE-USD"}, {"trade_id": 139193802, "side": "buy", "size": "171.00000000", "price": "0.19881000", "time": "2025-07-16T00:17:21.635336Z", "fetched_at": "2025-07-16T00:23:25.228417+00:00", "symbol": "DOGE-USD"}, {"trade_id": 139193801, "side": "buy", "size": "163.80000000", "price": "0.19881000", "time": "2025-07-16T00:17:21.386463Z", "fetched_at": "2025-07-16T00:23:25.228417+00:00", "symbol": "DOGE-USD"}, {"trade_id": 139193800, "side": "buy", "size": "796.40000000", "price": "0.19881000", "time": "2025-07-16T00:17:19.408377Z", "fetched_at": "2025-07-16T00:23:25.228417+00:00", "symbol": "DOGE-USD"}, {"trade_id": 139193799, "side": "buy", "size": "1403.60000000", "price": "0.19881000", "time": "2025-07-16T00:17:19.408377Z", "fetched_at": "2025-07-16T00:23:25.228417+00:00", "symbol": "DOGE-USD"}, {"trade_id": 139193798, "side": "buy", "size": "2710.10000000", "price": "0.19872000", "time": "2025-07-16T00:17:15.038117Z", "fetched_at": "2025-07-16T00:23:25.228417+00:00", "symbol": "DOGE-USD"}, {"trade_id": 139193797, "side": "buy", "size": "1675.80000000", "price": "0.19872000", "time": "2025-07-16T00:17:15.038117Z", "fetched_at": "2025-07-16T00:23:25.228417+00:00", "symbol": "DOGE-USD"}, {"trade_id": 139193796, "side": "buy", "size": "500.00000000", "price": "0.19873000", "time": "2025-07-16T00:17:15.038117Z", "fetched_at": "2025-07-16T00:23:25.228417+00:00", "symbol": "DOGE-USD"}, {"trade_id": 139193795, "side": "buy", "size": "1735.70000000", "price": "0.19873000", "time": "2025-07-16T00:17:15.038117Z", "fetched_at": "2025-07-16T00:23:25.228417+00:00", "symbol": "DOGE-USD"}, {"trade_id": 139193794, "side": "buy", "size": "1593.00000000", "price": "0.19873000", "time": "2025-07-16T00:17:15.038117Z", "fetched_at": "2025-07-16T00:23:25.228417+00:00", "symbol": "DOGE-USD"}, {"trade_id": 139193793, "side": "buy", "size": "3754.80000000", "price": "0.19874000", "time": "2025-07-16T00:17:15.038117Z", "fetched_at": "2025-07-16T00:23:25.228417+00:00", "symbol": "DOGE-USD"}, {"trade_id": 139193792, "side": "buy", "size": "3737.20000000", "price": "0.19874000", "time": "2025-07-16T00:17:15.038117Z", "fetched_at": "2025-07-16T00:23:25.228417+00:00", "symbol": "DOGE-USD"}, {"trade_id": 139193791, "side": "buy", "size": "1675.80000000", "price": "0.19874000", "time": "2025-07-16T00:17:15.038117Z", "fetched_at": "2025-07-16T00:23:25.228417+00:00", "symbol": "DOGE-USD"}, {"trade_id": 139193790, "side": "buy", "size": "1587.00000000", "price": "0.19874000", "time": "2025-07-16T00:17:15.038117Z", "fetched_at": "2025-07-16T00:23:25.228417+00:00", "symbol": "DOGE-USD"}, {"trade_id": 139193789, "side": "buy", "size": "5.60000000", "price": "0.19874000", "time": "2025-07-16T00:17:15.038117Z", "fetched_at": "2025-07-16T00:23:25.228417+00:00", "symbol": "DOGE-USD"}, {"trade_id": 139193788, "side": "buy", "size": "3565.50000000", "price": "0.19875000", "time": "2025-07-16T00:17:15.038117Z", "fetched_at": "2025-07-16T00:23:25.228417+00:00", "symbol": "DOGE-USD"}, {"trade_id": 139193787, "side": "buy", "size": "1675.80000000", "price": "0.19875000", "time": "2025-07-16T00:17:15.038117Z", "fetched_at": "2025-07-16T00:23:25.228417+00:00", "symbol": "DOGE-USD"}, {"trade_id": 139193786, "side": "buy", "size": "56.40000000", "price": "0.19875000", "time": "2025-07-16T00:17:15.038117Z", "fetched_at": "2025-07-16T00:23:25.228417+00:00", "symbol": "DOGE-USD"}