[{"trade_id": 139229012, "side": "sell", "size": "12.40000000", "price": "0.19962000", "time": "2025-07-16T07:46:26.810492Z", "fetched_at": "2025-07-16T07:46:31.067268+00:00", "symbol": "DOGE-USD"}, {"trade_id": 139229011, "side": "sell", "size": "5.60000000", "price": "0.19962000", "time": "2025-07-16T07:46:26.810492Z", "fetched_at": "2025-07-16T07:46:31.067268+00:00", "symbol": "DOGE-USD"}, {"trade_id": 139229010, "side": "sell", "size": "5.60000000", "price": "0.19960000", "time": "2025-07-16T07:46:26.810492Z", "fetched_at": "2025-07-16T07:46:31.067268+00:00", "symbol": "DOGE-USD"}, {"trade_id": 139229009, "side": "sell", "size": "5.60000000", "price": "0.19958000", "time": "2025-07-16T07:46:25.687304Z", "fetched_at": "2025-07-16T07:46:31.067268+00:00", "symbol": "DOGE-USD"}, {"trade_id": 139229008, "side": "sell", "size": "2065.90000000", "price": "0.19956000", "time": "2025-07-16T07:46:23.924385Z", "fetched_at": "2025-07-16T07:46:31.067268+00:00", "symbol": "DOGE-USD"}, {"trade_id": 139229007, "side": "sell", "size": "5.60000000", "price": "0.19956000", "time": "2025-07-16T07:46:23.924385Z", "fetched_at": "2025-07-16T07:46:31.067268+00:00", "symbol": "DOGE-USD"}, {"trade_id": 139229006, "side": "sell", "size": "56.20000000", "price": "0.19955000", "time": "2025-07-16T07:46:23.878904Z", "fetched_at": "2025-07-16T07:46:31.067268+00:00", "symbol": "DOGE-USD"}, {"trade_id": 139229005, "side": "sell", "size": "5.60000000", "price": "0.19954000", "time": "2025-07-16T07:46:23.875428Z", "fetched_at": "2025-07-16T07:46:31.067268+00:00", "symbol": "DOGE-USD"}, {"trade_id": 139229004, "side": "sell", "size": "5.60000000", "price": "0.19952000", "time": "2025-07-16T07:46:23.745522Z", "fetched_at": "2025-07-16T07:46:31.067268+00:00", "symbol": "DOGE-USD"}, {"trade_id": 139229003, "side": "sell", "size": "5.60000000", "price": "0.19950000", "time": "2025-07-16T07:46:18.180948Z", "fetched_at": "2025-07-16T07:46:31.067268+00:00", "symbol": "DOGE-USD"}, {"trade_id": 139229002, "side": "sell", "size": "4011.30000000", "price": "0.19949000", "time": "2025-07-16T07:46:18.177413Z", "fetched_at": "2025-07-16T07:46:31.067268+00:00", "symbol": "DOGE-USD"}, {"trade_id": 139229001, "side": "sell", "size": "56.30000000", "price": "0.19949000", "time": "2025-07-16T07:46:18.177413Z", "fetched_at": "2025-07-16T07:46:31.067268+00:00", "symbol": "DOGE-USD"}, {"trade_id": 139229000, "side": "buy", "size": "5.60000000", "price": "0.19944000", "time": "2025-07-16T07:46:16.925575Z", "fetched_at": "2025-07-16T07:46:31.067268+00:00", "symbol": "DOGE-USD"}, {"trade_id": 139228999, "side": "buy", "size": "5.60000000", "price": "0.19946000", "time": "2025-07-16T07:46:15.111656Z", "fetched_at": "2025-07-16T07:46:31.067268+00:00", "symbol": "DOGE-USD"}, {"trade_id": 139228998, "side": "buy", "size": "5.60000000", "price": "0.19948000", "time": "2025-07-16T07:46:10.966496Z", "fetched_at": "2025-07-16T07:46:31.067268+00:00", "symbol": "DOGE-USD"}, {"trade_id": 139228997, "side": "buy", "size": "5.60000000", "price": "0.19950000", "time": "2025-07-16T07:46:10.670935Z", "fetched_at": "2025-07-16T07:46:31.067268+00:00", "symbol": "DOGE-USD"}, {"trade_id": 139228996, "side": "buy", "size": "5.60000000", "price": "0.19952000", "time": "2025-07-16T07:46:10.574256Z", "fetched_at": "2025-07-16T07:46:31.067268+00:00", "symbol": "DOGE-USD"}, {"trade_id": 139228995, "side": "sell", "size": "1593.00000000", "price": "0.19955000", "time": "2025-07-16T07:46:05.823308Z", "fetched_at": "2025-07-16T07:46:31.067268+00:00", "symbol": "DOGE-USD"}, {"trade_id": 139228994, "side": "sell", "size": "208.30000000", "price": "0.19953000", "time": "2025-07-16T07:46:05.823308Z", "fetched_at": "2025-07-16T07:46:31.067268+00:00", "symbol": "DOGE-USD"}, {"trade_id": 139228993, "side": "sell", "size": "524.20000000", "price": "0.19953000", "time": "2025-07-16T07:46:05.823308Z", "fetched_at": "2025-07-16T07:46:31.067268+00:00", "symbol": "DOGE-USD"}, {"trade_id": 139228992, "side": "sell", "size": "525.40000000", "price": "0.19953000", "time": "2025-07-16T07:46:05.823308Z", "fetched_at": "2025-07-16T07:46:31.067268+00:00", "symbol": "DOGE-USD"}, {"trade_id": 139228991, "side": "buy", "size": "56.20000000", "price": "0.19953000", "time": "2025-07-16T07:46:05.795756Z", "fetched_at": "2025-07-16T07:46:31.067268+00:00", "symbol": "DOGE-USD"}, {"trade_id": 139228990, "side": "buy", "size": "5527.60000000", "price": "0.19954000", "time": "2025-07-16T07:46:05.775587Z", "fetched_at": "2025-07-16T07:46:31.067268+00:00", "symbol": "DOGE-USD"}, {"trade_id": 139228989, "side": "buy", "size": "56.20000000", "price": "0.19955000", "time": "2025-07-16T07:46:05.775587Z", "fetched_at": "2025-07-16T07:46:31.067268+00:00", "symbol": "DOGE-USD"}, {"trade_id": 139228988, "side": "buy", "size": "5777.20000000", "price": "0.19958000", "time": "2025-07-16T07:45:56.807137Z", "fetched_at": "2025-07-16T07:46:31.067268+00:00", "symbol": "DOGE-USD"}, {"trade_id": 139228987, "side": "buy", "size": "56.20000000", "price": "0.19959000", "time": "2025-07-16T07:45:56.807137Z", "fetched_at": "2025-07-16T07:46:31.067268+00:00", "symbol": "DOGE-USD"}, {"trade_id": 139228986, "side": "buy", "size": "1141.80000000", "price": "0.19959000", "time": "2025-07-16T07:45:56.807137Z", "fetched_at": "2025-07-16T07:46:31.067268+00:00", "symbol": "DOGE-USD"}, {"trade_id": 139228985, "side": "buy", "size": "1564.60000000", "price": "0.19959000", "time": "2025-07-16T07:45:56.807137Z", "fetched_at": "2025-07-16T07:46:31.067268+00:00", "symbol": "DOGE-USD"}, {"trade_id": 139228984, "side": "buy", "size": "1480.70000000", "price": "0.19959000", "time": "2025-07-16T07:45:56.807137Z", "fetched_at": "2025-07-16T07:46:31.067268+00:00", "symbol": "DOGE-USD"}, {"trade_id": 139228983, "side": "sell", "size": "5.60000000", "price": "0.19960000", "time": "2025-07-16T07:45:50.022685Z", "fetched_at": "2025-07-16T07:46:31.067268+00:00", "symbol": "DOGE-USD"}, {"trade_id": 139228982, "side": "sell", "size": "0.70000000", "price": "0.19958000", "time": "2025-07-16T07:45:49.806988Z", "fetched_at": "2025-07-16T07:46:31.067268+00:00", "symbol": "DOGE-USD"}, {"trade_id": 139228981, "side": "sell", "size": "5.60000000", "price": "0.19956000", "time": "2025-07-16T07:45:49.648918Z", "fetched_at": "2025-07-16T07:46:31.067268+00:00", "symbol": "DOGE-USD"}, {"trade_id": 139228980, "side": "buy", "size": "3.30000000", "price": "0.19952000", "time": "2025-07-16T07:45:33.482014Z", "fetched_at": "2025-07-16T07:46:31.067268+00:00", "symbol": "DOGE-USD"}, {"trade_id": 139228979, "side": "buy", "size": "56.20000000", "price": "0.19952000", "time": "2025-07-16T07:45:33.482014Z", "fetched_at": "2025-07-16T07:46:31.067268+00:00", "symbol": "DOGE-USD"}, {"trade_id": 139228978, "side": "buy", "size": "78.50000000", "price": "0.19952000", "time": "2025-07-16T07:45:31.604383Z", "fetched_at": "2025-07-16T07:46:31.067268+00:00", "symbol": "DOGE-USD"}, {"trade_id": 139228977, "side": "buy", "size": "56.20000000", "price": "0.19952000", "time": "2025-07-16T07:45:31.604383Z", "fetched_at": "2025-07-16T07:46:31.067268+00:00", "symbol": "DOGE-USD"}, {"trade_id": 139228976, "side": "buy", "size": "5.60000000", "price": "0.19952000", "time": "2025-07-16T07:45:31.604383Z", "fetched_at": "2025-07-16T07:46:31.067268+00:00", "symbol": "DOGE-USD"}, {"trade_id": 139228975, "side": "sell", "size": "4.90000000", "price": "0.19958000", "time": "2025-07-16T07:45:21.853551Z", "fetched_at": "2025-07-16T07:46:31.067268+00:00", "symbol": "DOGE-USD"}, {"trade_id": 139228974, "side": "sell", "size": "51.50000000", "price": "0.19957000", "time": "2025-07-16T07:45:21.172427Z", "fetched_at": "2025-07-16T07:46:31.067268+00:00", "symbol": "DOGE-USD"}, {"trade_id": 139228973, "side": "sell", "size": "5.60000000", "price": "0.19956000", "time": "2025-07-16T07:45:21.172427Z", "fetched_at": "2025-07-16T07:46:31.067268+00:00", "symbol": "DOGE-USD"}, {"trade_id": 139228972, "side": "sell", "size": "5.60000000", "price": "0.19954000", "time": "2025-07-16T07:45:21.172427Z", "fetched_at": "2025-07-16T07:46:31.067268+00:00", "symbol": "DOGE-USD"}, {"trade_id": 139228971, "side": "sell", "size": "1.90000000", "price": "0.19952000", "time": "2025-07-16T07:45:20.907108Z", "fetched_at": "2025-07-16T07:46:31.067268+00:00", "symbol": "DOGE-USD"}, {"trade_id": 139228970, "side": "sell", "size": "3.70000000", "price": "0.19952000", "time": "2025-07-16T07:45:20.903271Z", "fetched_at": "2025-07-16T07:46:31.067268+00:00", "symbol": "DOGE-USD"}, {"trade_id": 139228969, "side": "sell", "size": "4011.20000000", "price": "0.19949000", "time": "2025-07-16T07:45:19.478771Z", "fetched_at": "2025-07-16T07:46:31.067268+00:00", "symbol": "DOGE-USD"}, {"trade_id": 139228968, "side": "sell", "size": "56.20000000", "price": "0.19947000", "time": "2025-07-16T07:45:19.431966Z", "fetched_at": "2025-07-16T07:46:31.067268+00:00", "symbol": "DOGE-USD"}, {"trade_id": 139228967, "side": "buy", "size": "5.60000000", "price": "0.19948000", "time": "2025-07-16T07:45:16.565034Z", "fetched_at": "2025-07-16T07:46:31.067268+00:00", "symbol": "DOGE-USD"}, {"trade_id": 139228966, "side": "buy", "size": "5.60000000", "price": "0.19950000", "time": "2025-07-16T07:45:16.500181Z", "fetched_at": "2025-07-16T07:46:31.067268+00:00", "symbol": "DOGE-USD"}, {"trade_id": 139228965, "side": "buy", "size": "5.60000000", "price": "0.19952000", "time": "2025-07-16T07:45:12.510731Z", "fetched_at": "2025-07-16T07:46:31.067268+00:00", "symbol": "DOGE-USD"}, {"trade_id": 139228964, "side": "sell", "size": "48.70000000", "price": "0.19958000", "time": "2025-07-16T07:45:07.059337Z", "fetched_at": "2025-07-16T07:46:31.067268+00:00", "symbol": "DOGE-USD"}, {"trade_id": 139228963, "side": "sell", "size": "2500.00000000", "price": "0.19956000", "time": "2025-07-16T07:45:06.407236Z", "fetched_at": "2025-07-16T07:46:31.067268+00:00", "symbol": "DOGE-USD"}, {"trade_id": 139228962, "side": "sell", "size": "5.60000000", "price": "0.19956000", "time": "2025-07-16T07:45:06.407236Z", "fetched_at": "2025-07-16T07:46:31.067268+00:00", "symbol": "DOGE-USD"}, {"trade_id": 139228961, "side": "sell", "size": "2000.00000000", "price": "0.19956000", "time": "2025-07-16T07:45:06.407236Z", "fetched_at": "2025-07-16T07:46:31.067268+00:00", "symbol": "DOGE-USD"}, {"trade_id": 139228960, "side": "sell", "size": "1875.50000000", "price": "0.19954000", "time": "2025-07-16T07:45:06.393401Z", "fetched_at": "2025-07-16T07:46:31.067268+00:00", "symbol": "DOGE-USD"}, {"trade_id": 139228959, "side": "sell", "size": "5.60000000", "price": "0.19954000", "time": "2025-07-16T07:45:06.393401Z", "fetched_at": "2025-07-16T07:46:31.067268+00:00", "symbol": "DOGE-USD"}, {"trade_id": 139228958, "side": "sell", "size": "2500.00000000", "price": "0.19953000", "time": "2025-07-16T07:45:06.393401Z", "fetched_at": "2025-07-16T07:46:31.067268+00:00", "symbol": "DOGE-USD"}, {"trade_id": 139228957, "side": "sell", "size": "56.20000000", "price": "0.19951000", "time": "2025-07-16T07:45:06.393401Z", "fetched_at": "2025-07-16T07:46:31.067268+00:00", "symbol": "DOGE-USD"}, {"trade_id": 139228956, "side": "sell", "size": "4.10000000", "price": "0.19953000", "time": "2025-07-16T07:45:04.920905Z", "fetched_at": "2025-07-16T07:46:31.067268+00:00", "symbol": "DOGE-USD"}, {"trade_id": 139228955, "side": "sell", "size": "5.60000000", "price": "0.19952000", "time": "2025-07-16T07:45:04.920905Z", "fetched_at": "2025-07-16T07:46:31.067268+00:00", "symbol": "DOGE-USD"}, {"trade_id": 139228954, "side": "buy", "size": "5.60000000", "price": "0.19948000", "time": "2025-07-16T07:45:01.441542Z", "fetched_at": "2025-07-16T07:46:31.067268+00:00", "symbol": "DOGE-USD"}, {"trade_id": 139228953, "side": "buy", "size": "5.60000000", "price": "0.19950000", "time": "2025-07-16T07:45:00.185575Z", "fetched_at": "2025-07-16T07:46:31.067268+00:00", "symbol": "DOGE-USD"}, {"trade_id": 139228952, "side": "buy", "size": "3.70000000", "price": "0.19952000", "time": "2025-07-16T07:45:00.157287Z", "fetched_at": "2025-07-16T07:46:31.067268+00:00", "symbol": "DOGE-USD"}, {"trade_id": 139228951, "side": "buy", "size": "789.70000000", "price": "0.19954000", "time": "2025-07-16T07:44:55.484348Z", "fetched_at": "2025-07-16T07:46:31.067268+00:00", "symbol": "DOGE-USD"}, {"trade_id": 139228950, "side": "buy", "size": "1.90000000", "price": "0.19952000", "time": "2025-07-16T07:44:53.488968Z", "fetched_at": "2025-07-16T07:46:31.067268+00:00", "symbol": "DOGE-USD"}, {"trade_id": 139228949, "side": "buy", "size": "5.60000000", "price": "0.19954000", "time": "2025-07-16T07:44:50.884075Z", "fetched_at": "2025-07-16T07:46:31.067268+00:00", "symbol": "DOGE-USD"}, {"trade_id": 139228948, "side": "buy", "size": "5.60000000", "price": "0.19956000", "time": "2025-07-16T07:44:50.486237Z", "fetched_at": "2025-07-16T07:46:31.067268+00:00", "symbol": "DOGE-USD"}, {"trade_id": 139228947, "side": "sell", "size": "175.80000000", "price": "0.19960000", "time": "2025-07-16T07:44:45.892939Z", "fetched_at": "2025-07-16T07:46:31.067268+00:00", "symbol": "DOGE-USD"}, {"trade_id": 139228946, "side": "sell", "size": "56.20000000", "price": "0.19960000", "time": "2025-07-16T07:44:45.892939Z", "fetched_at": "2025-07-16T07:46:31.067268+00:00", "symbol": "DOGE-USD"}, {"trade_id": 139228945, "side": "sell", "size": "5.60000000", "price": "0.19958000", "time": "2025-07-16T07:44:45.892939Z", "fetched_at": "2025-07-16T07:46:31.067268+00:00", "symbol": "DOGE-USD"}, {"trade_id": 139228944, "side": "buy", "size": "5.60000000", "price": "0.19954000", "time": "2025-07-16T07:44:39.158500Z", "fetched_at": "2025-07-16T07:46:31.067268+00:00", "symbol": "DOGE-USD"}, {"trade_id": 139228943, "side": "buy", "size": "5.60000000", "price": "0.19956000", "time": "2025-07-16T07:44:38.916236Z", "fetched_at": "2025-07-16T07:46:31.067268+00:00", "symbol": "DOGE-USD"}, {"trade_id": 139228942, "side": "buy", "size": "789.70000000", "price": "0.19957000", "time": "2025-07-16T07:44:37.234402Z", "fetched_at": "2025-07-16T07:46:31.067268+00:00", "symbol": "DOGE-USD"}, {"trade_id": 139228941, "side": "buy", "size": "1140.90000000", "price": "0.19958000", "time": "2025-07-16T07:44:37.230929Z", "fetched_at": "2025-07-16T07:46:31.067268+00:00", "symbol": "DOGE-USD"}, {"trade_id": 139228940, "side": "buy", "size": "56.20000000", "price": "0.19958000", "time": "2025-07-16T07:44:37.230929Z", "fetched_at": "2025-07-16T07:46:31.067268+00:00", "symbol": "DOGE-USD"}, {"trade_id": 139228939, "side": "buy", "size": "1307.60000000", "price": "0.19958000", "time": "2025-07-16T07:44:36.545282Z", "fetched_at": "2025-07-16T07:46:31.067268+00:00", "symbol": "DOGE-USD"}, {"trade_id": 139228938, "side": "buy", "size": "5.60000000", "price": "0.19958000", "time": "2025-07-16T07:44:36.545282Z", "fetched_at": "2025-07-16T07:46:31.067268+00:00", "symbol": "DOGE-USD"}, {"trade_id": 139228937, "side": "buy", "size": "5.60000000", "price": "0.19960000", "time": "2025-07-16T07:44:36.534389Z", "fetched_at": "2025-07-16T07:46:31.067268+00:00", "symbol": "DOGE-USD"}, {"trade_id": 139228936, "side": "buy", "size": "5.60000000", "price": "0.19961000", "time": "2025-07-16T07:44:36.534389Z", "fetched_at": "2025-07-16T07:46:31.067268+00:00", "symbol": "DOGE-USD"}, {"trade_id": 139228935, "side": "buy", "size": "1135.30000000", "price": "0.19961000", "time": "2025-07-16T07:44:36.531771Z", "fetched_at": "2025-07-16T07:46:31.067268+00:00", "symbol": "DOGE-USD"}, {"trade_id": 139228934, "side": "buy", "size": "56.20000000", "price": "0.19961000", "time": "2025-07-16T07:44:36.531771Z", "fetched_at": "2025-07-16T07:46:31.067268+00:00", "symbol": "DOGE-USD"}, {"trade_id": 139228933, "side": "buy", "size": "5.60000000", "price": "0.19962000", "time": "2025-07-16T07:44:36.531771Z", "fetched_at": "2025-07-16T07:46:31.067268+00:00", "symbol": "DOGE-USD"}, {"trade_id": 139228932, "side": "buy", "size": "5.60000000", "price": "0.19964000", "time": "2025-07-16T07:44:32.662469Z", "fetched_at": "2025-07-16T07:46:31.067268+00:00", "symbol": "DOGE-USD"}, {"trade_id": 139228931, "side": "sell", "size": "9.60000000", "price": "0.19965000", "time": "2025-07-16T07:44:27.332901Z", "fetched_at": "2025-07-16T07:46:31.067268+00:00", "symbol": "DOGE-USD"}, {"trade_id": 139228930, "side": "buy", "size": "0.70000000", "price": "0.19966000", "time": "2025-07-16T07:44:24.896264Z", "fetched_at": "2025-07-16T07:46:31.067268+00:00", "symbol": "DOGE-USD"}, {"trade_id": 139228929, "side": "buy", "size": "4.90000000", "price": "0.19966000", "time": "2025-07-16T07:44:24.680002Z", "fetched_at": "2025-07-16T07:46:31.067268+00:00", "symbol": "DOGE-USD"}, {"trade_id": 139228928, "side": "buy", "size": "5.60000000", "price": "0.19968000", "time": "2025-07-16T07:44:23.596042Z", "fetched_at": "2025-07-16T07:46:31.067268+00:00", "symbol": "DOGE-USD"}, {"trade_id": 139228927, "side": "sell", "size": "194.50000000", "price": "0.19969000", "time": "2025-07-16T07:44:21.883818Z", "fetched_at": "2025-07-16T07:46:31.067268+00:00", "symbol": "DOGE-USD"}, {"trade_id": 139228926, "side": "buy", "size": "5.60000000", "price": "0.19970000", "time": "2025-07-16T07:44:21.008511Z", "fetched_at": "2025-07-16T07:46:31.067268+00:00", "symbol": "DOGE-USD"}, {"trade_id": 139228925, "side": "buy", "size": "5.60000000", "price": "0.19972000", "time": "2025-07-16T07:44:19.953515Z", "fetched_at": "2025-07-16T07:46:31.067268+00:00", "symbol": "DOGE-USD"}, {"trade_id": 139228924, "side": "buy", "size": "5.60000000", "price": "0.19974000", "time": "2025-07-16T07:44:18.979485Z", "fetched_at": "2025-07-16T07:46:31.067268+00:00", "symbol": "DOGE-USD"}, {"trade_id": 139228923, "side": "buy", "size": "4505.10000000", "price": "0.19977000", "time": "2025-07-16T07:44:18.436226Z", "fetched_at": "2025-07-16T07:46:31.067268+00:00", "symbol": "DOGE-USD"}, {"trade_id": 139228922, "side": "buy", "size": "56.20000000", "price": "0.19978000", "time": "2025-07-16T07:44:18.407539Z", "fetched_at": "2025-07-16T07:46:31.067268+00:00", "symbol": "DOGE-USD"}, {"trade_id": 139228921, "side": "buy", "size": "1142.20000000", "price": "0.19978000", "time": "2025-07-16T07:44:18.407539Z", "fetched_at": "2025-07-16T07:46:31.067268+00:00", "symbol": "DOGE-USD"}, {"trade_id": 139228920, "side": "buy", "size": "1593.00000000", "price": "0.19979000", "time": "2025-07-16T07:44:18.406449Z", "fetched_at": "2025-07-16T07:46:31.067268+00:00", "symbol": "DOGE-USD"}, {"trade_id": 139228919, "side": "buy", "size": "208.30000000", "price": "0.19979000", "time": "2025-07-16T07:44:18.406449Z", "fetched_at": "2025-07-16T07:46:31.067268+00:00", "symbol": "DOGE-USD"}, {"trade_id": 139228918, "side": "buy", "size": "43.90000000", "price": "0.19979000", "time": "2025-07-16T07:44:16.344258Z", "fetched_at": "2025-07-16T07:46:31.067268+00:00", "symbol": "DOGE-USD"}, {"trade_id": 139228917, "side": "buy", "size": "56.20000000", "price": "0.19979000", "time": "2025-07-16T07:44:16.344258Z", "fetched_at": "2025-07-16T07:46:31.067268+00:00", "symbol": "DOGE-USD"}, {"trade_id": 139228916, "side": "buy", "size": "789.70000000", "price": "0.19978000", "time": "2025-07-16T07:44:12.377054Z", "fetched_at": "2025-07-16T07:46:31.067268+00:00", "symbol": "DOGE-USD"}, {"trade_id": 139228915, "side": "buy", "size": "208.30000000", "price": "0.19978000", "time": "2025-07-16T07:44:12.371639Z", "fetched_at": "2025-07-16T07:46:31.067268+00:00", "symbol": "DOGE-USD"}, {"trade_id": 139228914, "side": "buy", "size": "1593.00000000", "price": "0.19978000", "time": "2025-07-16T07:44:12.371639Z", "fetched_at": "2025-07-16T07:46:31.067268+00:00", "symbol": "DOGE-USD"}, {"trade_id": 139228913, "side": "buy", "size": "56.20000000", "price": "0.19978000", "time": "2025-07-16T07:44:12.371639Z", "fetched_at": "2025-07-16T07:46:31.067268+00:00", "symbol": "DOGE-USD"}, {"trade_id": 139228912, "side": "sell", "size": "5.60000000", "price": "0.19978000", "time": "2025-07-16T07:44:03.604795Z", "fetched_at": "2025-07-16T07:46:31.067268+00:00", "symbol": "DOGE-USD"}, {"trade_id": 139228911, "side": "sell", "size": "26.90000000", "price": "0.19976000", "time": "2025-07-16T07:43:56.852447Z", "fetched_at": "2025-07-16T07:46:31.067268+00:00", "symbol": "DOGE-USD"}, {"trade_id": 139228910, "side": "sell", "size": "5.60000000", "price": "0.19976000", "time": "2025-07-16T07:43:56.852447Z", "fetched_at": "2025-07-16T07:46:31.067268+00:00", "symbol": "DOGE-USD"}, {"trade_id": 139228909, "side": "sell", "size": "10.50000000", "price": "0.19975000", "time": "2025-07-16T07:43:56.852447Z", "fetched_at": "2025-07-16T07:46:31.067268+00:00", "symbol": "DOGE-USD"}, {"trade_id": 139228908, "side": "sell", "size": "5.60000000", "price": "0.19974000", "time": "2025-07-16T07:43:56.852447Z", "fetched_at": "2025-07-16T07:46:31.067268+00:00", "symbol": "DOGE-USD"}, {"trade_id": 139228907, "side": "buy", "size": "789.70000000", "price": "0.19972000", "time": "2025-07-16T07:43:53.063690Z", "fetched_at": "2025-07-16T07:46:31.067268+00:00", "symbol": "DOGE-USD"}, {"trade_id": 139228906, "side": "buy", "size": "1142.20000000", "price": "0.19973000", "time": "2025-07-16T07:43:53.048973Z", "fetched_at": "2025-07-16T07:46:31.067268+00:00", "symbol": "DOGE-USD"}, {"trade_id": 139228905, "side": "buy", "size": "1553.30000000", "price": "0.19973000", "time": "2025-07-16T07:43:53.048973Z", "fetched_at": "2025-07-16T07:46:31.067268+00:00", "symbol": "DOGE-USD"}, {"trade_id": 139228904, "side": "buy", "size": "505.60000000", "price": "0.19973000", "time": "2025-07-16T07:43:51.597705Z", "fetched_at": "2025-07-16T07:46:31.067268+00:00", "symbol": "DOGE-USD"}, {"trade_id": 139228903, "side": "sell", "size": "5.60000000", "price": "0.19972000", "time": "2025-07-16T07:43:44.606572Z", "fetched_at": "2025-07-16T07:46:31.067268+00:00", "symbol": "DOGE-USD"}, {"trade_id": 139228902, "side": "sell", "size": "1142.20000000", "price": "0.19971000", "time": "2025-07-16T07:43:44.310686Z", "fetched_at": "2025-07-16T07:46:31.067268+00:00", "symbol": "DOGE-USD"}, {"trade_id": 139228901, "side": "sell", "size": "10169.40000000", "price": "0.19971000", "time": "2025-07-16T07:43:44.310686Z", "fetched_at": "2025-07-16T07:46:31.067268+00:00", "symbol": "DOGE-USD"}, {"trade_id": 139228900, "side": "sell", "size": "1874.00000000", "price": "0.19971000", "time": "2025-07-16T07:43:44.310686Z", "fetched_at": "2025-07-16T07:46:31.067268+00:00", "symbol": "DOGE-USD"}, {"trade_id": 139228899, "side": "sell", "size": "2500.00000000", "price": "0.19970000", "time": "2025-07-16T07:43:44.306450Z", "fetched_at": "2025-07-16T07:46:31.067268+00:00", "symbol": "DOGE-USD"}, {"trade_id": 139228898, "side": "sell", "size": "4368.40000000", "price": "0.19970000", "time": "2025-07-16T07:43:44.306450Z", "fetched_at": "2025-07-16T07:46:31.067268+00:00", "symbol": "DOGE-USD"}, {"trade_id": 139228897, "side": "sell", "size": "5.60000000", "price": "0.19970000", "time": "2025-07-16T07:43:44.306450Z", "fetched_at": "2025-07-16T07:46:31.067268+00:00", "symbol": "DOGE-USD"}, {"trade_id": 139228896, "side": "sell", "size": "51.50000000", "price": "0.19969000", "time": "2025-07-16T07:43:44.301554Z", "fetched_at": "2025-07-16T07:46:31.067268+00:00", "symbol": "DOGE-USD"}, {"trade_id": 139228895, "side": "sell", "size": "4006.90000000", "price": "0.19968000", "time": "2025-07-16T07:43:44.301554Z", "fetched_at": "2025-07-16T07:46:31.067268+00:00", "symbol": "DOGE-USD"}, {"trade_id": 139228894, "side": "sell", "size": "5.60000000", "price": "0.19968000", "time": "2025-07-16T07:43:44.301554Z", "fetched_at": "2025-07-16T07:46:31.067268+00:00", "symbol": "DOGE-USD"}, {"trade_id": 139228893, "side": "sell", "size": "9780.70000000", "price": "0.19967000", "time": "2025-07-16T07:43:44.026917Z", "fetched_at": "2025-07-16T07:46:31.067268+00:00", "symbol": "DOGE-USD"}, {"trade_id": 139228892, "side": "sell", "size": "237.60000000", "price": "0.19967000", "time": "2025-07-16T07:43:43.684993Z", "fetched_at": "2025-07-16T07:46:31.067268+00:00", "symbol": "DOGE-USD"}, {"trade_id": 139228891, "side": "sell", "size": "4579.40000000", "price": "0.19967000", "time": "2025-07-16T07:43:36.074552Z", "fetched_at": "2025-07-16T07:46:31.067268+00:00", "symbol": "DOGE-USD"}, {"trade_id": 139228890, "side": "sell", "size": "56.20000000", "price": "0.19966000", "time": "2025-07-16T07:43:36.074552Z", "fetched_at": "2025-07-16T07:46:31.067268+00:00", "symbol": "DOGE-USD"}, {"trade_id": 139228889, "side": "sell", "size": "5.60000000", "price": "0.19966000", "time": "2025-07-16T07:43:36.074552Z", "fetched_at": "2025-07-16T07:46:31.067268+00:00", "symbol": "DOGE-USD"}, {"trade_id": 139228888, "side": "sell", "size": "5.60000000", "price": "0.19964000", "time": "2025-07-16T07:43:36.074248Z", "fetched_at": "2025-07-16T07:46:31.067268+00:00", "symbol": "DOGE-USD"}, {"trade_id": 139228887, "side": "sell", "size": "4008.90000000", "price": "0.19962000", "time": "2025-07-16T07:43:34.879104Z", "fetched_at": "2025-07-16T07:46:31.067268+00:00", "symbol": "DOGE-USD"}, {"trade_id": 139228886, "side": "sell", "size": "5.60000000", "price": "0.19962000", "time": "2025-07-16T07:43:34.879104Z", "fetched_at": "2025-07-16T07:46:31.067268+00:00", "symbol": "DOGE-USD"}, {"trade_id": 139228885, "side": "sell", "size": "56.20000000", "price": "0.19961000", "time": "2025-07-16T07:43:34.879104Z", "fetched_at": "2025-07-16T07:46:31.067268+00:00", "symbol": "DOGE-USD"}, {"trade_id": 139228884, "side": "sell", "size": "9066.20000000", "price": "0.19960000", "time": "2025-07-16T07:43:34.858079Z", "fetched_at": "2025-07-16T07:46:31.067268+00:00", "symbol": "DOGE-USD"}, {"trade_id": 139228883, "side": "sell", "size": "5.60000000", "price": "0.19960000", "time": "2025-07-16T07:43:34.858079Z", "fetched_at": "2025-07-16T07:46:31.067268+00:00", "symbol": "DOGE-USD"}, {"trade_id": 139228882, "side": "sell", "size": "4737.90000000", "price": "0.19959000", "time": "2025-07-16T07:43:34.858079Z", "fetched_at": "2025-07-16T07:46:31.067268+00:00", "symbol": "DOGE-USD"}, {"trade_id": 139228881, "side": "sell", "size": "56.20000000", "price": "0.19958000", "time": "2025-07-16T07:43:34.858079Z", "fetched_at": "2025-07-16T07:46:31.067268+00:00", "symbol": "DOGE-USD"}, {"trade_id": 139228880, "side": "buy", "size": "1164.30000000", "price": "0.19953000", "time": "2025-07-16T07:43:32.252052Z", "fetched_at": "2025-07-16T07:46:31.067268+00:00", "symbol": "DOGE-USD"}, {"trade_id": 139228879, "side": "buy", "size": "56.20000000", "price": "0.19954000", "time": "2025-07-16T07:43:32.252052Z", "fetched_at": "2025-07-16T07:46:31.067268+00:00", "symbol": "DOGE-USD"}, {"trade_id": 139228878, "side": "buy", "size": "1586.90000000", "price": "0.19954000", "time": "2025-07-16T07:43:32.252052Z", "fetched_at": "2025-07-16T07:46:31.067268+00:00", "symbol": "DOGE-USD"}, {"trade_id": 139228877, "side": "buy", "size": "5.60000000", "price": "0.19954000", "time": "2025-07-16T07:43:32.252052Z", "fetched_at": "2025-07-16T07:46:31.067268+00:00", "symbol": "DOGE-USD"}, {"trade_id": 139228876, "side": "buy", "size": "1593.00000000", "price": "0.19955000", "time": "2025-07-16T07:43:32.252052Z", "fetched_at": "2025-07-16T07:46:31.067268+00:00", "symbol": "DOGE-USD"}, {"trade_id": 139228875, "side": "buy", "size": "486.80000000", "price": "0.19955000", "time": "2025-07-16T07:43:32.252052Z", "fetched_at": "2025-07-16T07:46:31.067268+00:00", "symbol": "DOGE-USD"}, {"trade_id": 139228874, "side": "buy", "size": "1142.20000000", "price": "0.19955000", "time": "2025-07-16T07:43:32.252052Z", "fetched_at": "2025-07-16T07:46:31.067268+00:00", "symbol": "DOGE-USD"}, {"trade_id": 139228873, "side": "sell", "size": "102.20000000", "price": "0.19959000", "time": "2025-07-16T07:43:27.695003Z", "fetched_at": "2025-07-16T07:46:31.067268+00:00", "symbol": "DOGE-USD"}, {"trade_id": 139228872, "side": "sell", "size": "52.30000000", "price": "0.19958000", "time": "2025-07-16T07:43:21.287677Z", "fetched_at": "2025-07-16T07:46:31.067268+00:00", "symbol": "DOGE-USD"}, {"trade_id": 139228871, "side": "buy", "size": "784.10000000", "price": "0.19954000", "time": "2025-07-16T07:43:17.263938Z", "fetched_at": "2025-07-16T07:46:31.067268+00:00", "symbol": "DOGE-USD"}, {"trade_id": 139228870, "side": "buy", "size": "5.60000000", "price": "0.19954000", "time": "2025-07-16T07:43:17.263938Z", "fetched_at": "2025-07-16T07:46:31.067268+00:00", "symbol": "DOGE-USD"}, {"trade_id": 139228869, "side": "buy", "size": "733.50000000", "price": "0.19956000", "time": "2025-07-16T07:43:14.654486Z", "fetched_at": "2025-07-16T07:46:31.067268+00:00", "symbol": "DOGE-USD"}, {"trade_id": 139228868, "side": "buy", "size": "56.20000000", "price": "0.19956000", "time": "2025-07-16T07:43:14.654486Z", "fetched_at": "2025-07-16T07:46:31.067268+00:00", "symbol": "DOGE-USD"}, {"trade_id": 139228867, "side": "sell", "size": "4009.50000000", "price": "0.19956000", "time": "2025-07-16T07:43:08.226581Z", "fetched_at": "2025-07-16T07:46:31.067268+00:00", "symbol": "DOGE-USD"}, {"trade_id": 139228866, "side": "buy", "size": "56.20000000", "price": "0.19954000", "time": "2025-07-16T07:43:06.403635Z", "fetched_at": "2025-07-16T07:46:31.067268+00:00", "symbol": "DOGE-USD"}, {"trade_id": 139228865, "side": "buy", "size": "5.60000000", "price": "0.19954000", "time": "2025-07-16T07:43:06.403635Z", "fetched_at": "2025-07-16T07:46:31.067268+00:00", "symbol": "DOGE-USD"}, {"trade_id": 139228864, "side": "buy", "size": "5.60000000", "price": "0.19956000", "time": "2025-07-16T07:43:04.086070Z", "fetched_at": "2025-07-16T07:46:31.067268+00:00", "symbol": "DOGE-USD"}, {"trade_id": 139228863, "side": "buy", "size": "56.20000000", "price": "0.19958000", "time": "2025-07-16T07:43:01.034683Z", "fetched_at": "2025-07-16T07:46:31.067268+00:00", "symbol": "DOGE-USD"}, {"trade_id": 139228862, "side": "buy", "size": "5.60000000", "price": "0.19958000", "time": "2025-07-16T07:43:01.034683Z", "fetched_at": "2025-07-16T07:46:31.067268+00:00", "symbol": "DOGE-USD"}, {"trade_id": 139228861, "side": "buy", "size": "5.60000000", "price": "0.19960000", "time": "2025-07-16T07:43:00.996240Z", "fetched_at": "2025-07-16T07:46:31.067268+00:00", "symbol": "DOGE-USD"}, {"trade_id": 139228860, "side": "buy", "size": "5.60000000", "price": "0.19962000", "time": "2025-07-16T07:42:58.206822Z", "fetched_at": "2025-07-16T07:46:31.067268+00:00", "symbol": "DOGE-USD"}, {"trade_id": 139228859, "side": "buy", "size": "5.60000000", "price": "0.19964000", "time": "2025-07-16T07:42:53.460690Z", "fetched_at": "2025-07-16T07:46:31.067268+00:00", "symbol": "DOGE-USD"}, {"trade_id": 139228858, "side": "buy", "size": "5.60000000", "price": "0.19966000", "time": "2025-07-16T07:42:51.388905Z", "fetched_at": "2025-07-16T07:46:31.067268+00:00", "symbol": "DOGE-USD"}, {"trade_id": 139228857, "side": "buy", "size": "5.60000000", "price": "0.19968000", "time": "2025-07-16T07:42:40.003858Z", "fetched_at": "2025-07-16T07:46:31.067268+00:00", "symbol": "DOGE-USD"}, {"trade_id": 139228856, "side": "buy", "size": "5.60000000", "price": "0.19970000", "time": "2025-07-16T07:42:39.966431Z", "fetched_at": "2025-07-16T07:46:31.067268+00:00", "symbol": "DOGE-USD"}, {"trade_id": 139228855, "side": "buy", "size": "2186.50000000", "price": "0.19971000", "time": "2025-07-16T07:42:39.962952Z", "fetched_at": "2025-07-16T07:46:31.067268+00:00", "symbol": "DOGE-USD"}, {"trade_id": 139228854, "side": "buy", "size": "1593.00000000", "price": "0.19971000", "time": "2025-07-16T07:42:39.962952Z", "fetched_at": "2025-07-16T07:46:31.067268+00:00", "symbol": "DOGE-USD"}, {"trade_id": 139228853, "side": "buy", "size": "1396.90000000", "price": "0.19973000", "time": "2025-07-16T07:42:39.962952Z", "fetched_at": "2025-07-16T07:46:31.067268+00:00", "symbol": "DOGE-USD"}, {"trade_id": 139228852, "side": "buy", "size": "2971.50000000", "price": "0.19973000", "time": "2025-07-16T07:42:39.962013Z", "fetched_at": "2025-07-16T07:46:31.067268+00:00", "symbol": "DOGE-USD"}, {"trade_id": 139228851, "side": "buy", "size": "4368.40000000", "price": "0.19973000", "time": "2025-07-16T07:42:39.962013Z", "fetched_at": "2025-07-16T07:46:31.067268+00:00", "symbol": "DOGE-USD"}, {"trade_id": 139228850, "side": "buy", "size": "6843.40000000", "price": "0.19972000", "time": "2025-07-16T07:42:39.954487Z", "fetched_at": "2025-07-16T07:46:31.067268+00:00", "symbol": "DOGE-USD"}, {"trade_id": 139228849, "side": "buy", "size": "1817.20000000", "price": "0.19972000", "time": "2025-07-16T07:42:39.954487Z", "fetched_at": "2025-07-16T07:46:31.067268+00:00", "symbol": "DOGE-USD"}, {"trade_id": 139228848, "side": "buy", "size": "2950.20000000", "price": "0.19972000", "time": "2025-07-16T07:42:39.952865Z", "fetched_at": "2025-07-16T07:46:31.067268+00:00", "symbol": "DOGE-USD"}, {"trade_id": 139228847, "side": "buy", "size": "1965.20000000", "price": "0.19972000", "time": "2025-07-16T07:42:39.952865Z", "fetched_at": "2025-07-16T07:46:31.067268+00:00", "symbol": "DOGE-USD"}, {"trade_id": 139228846, "side": "buy", "size": "5.60000000", "price": "0.19972000", "time": "2025-07-16T07:42:39.952865Z", "fetched_at": "2025-07-16T07:46:31.067268+00:00", "symbol": "DOGE-USD"}, {"trade_id": 139228845, "side": "buy", "size": "56.20000000", "price": "0.19973000", "time": "2025-07-16T07:42:39.952699Z", "fetched_at": "2025-07-16T07:46:31.067268+00:00", "symbol": "DOGE-USD"}, {"trade_id": 139228844, "side": "buy", "size": "1593.00000000", "price": "0.19973000", "time": "2025-07-16T07:42:39.952699Z", "fetched_at": "2025-07-16T07:46:31.067268+00:00", "symbol": "DOGE-USD"}, {"trade_id": 139228843, "side": "buy", "size": "1290.90000000", "price": "0.19973000", "time": "2025-07-16T07:42:39.952699Z", "fetched_at": "2025-07-16T07:46:31.067268+00:00", "symbol": "DOGE-USD"}, {"trade_id": 139228842, "side": "buy", "size": "1139.80000000", "price": "0.19974000", "time": "2025-07-16T07:42:39.952699Z", "fetched_at": "2025-07-16T07:46:31.067268+00:00", "symbol": "DOGE-USD"}, {"trade_id": 139228841, "side": "buy", "size": "3501.40000000", "price": "0.19975000", "time": "2025-07-16T07:42:39.950293Z", "fetched_at": "2025-07-16T07:46:31.067268+00:00", "symbol": "DOGE-USD"}, {"trade_id": 139228840, "side": "buy", "size": "14631.70000000", "price": "0.19975000", "time": "2025-07-16T07:42:39.950213Z", "fetched_at": "2025-07-16T07:46:31.067268+00:00", "symbol": "DOGE-USD"}, {"trade_id": 139228839, "side": "sell", "size": "586.80000000", "price": "0.19976000", "time": "2025-07-16T07:42:37.308735Z", "fetched_at": "2025-07-16T07:46:31.067268+00:00", "symbol": "DOGE-USD"}, {"trade_id": 139228838, "side": "sell", "size": "5.60000000", "price": "0.19976000", "time": "2025-07-16T07:42:23.152943Z", "fetched_at": "2025-07-16T07:46:31.067268+00:00", "symbol": "DOGE-USD"}, {"trade_id": 139228837, "side": "buy", "size": "1151.20000000", "price": "0.19975000", "time": "2025-07-16T07:42:22.752395Z", "fetched_at": "2025-07-16T07:46:31.067268+00:00", "symbol": "DOGE-USD"}, {"trade_id": 139228836, "side": "sell", "size": "5.60000000", "price": "0.19974000", "time": "2025-07-16T07:42:22.460635Z", "fetched_at": "2025-07-16T07:46:31.067268+00:00", "symbol": "DOGE-USD"}, {"trade_id": 139228835, "side": "sell", "size": "5.60000000", "price": "0.19972000", "time": "2025-07-16T07:42:18.430739Z", "fetched_at": "2025-07-16T07:46:31.067268+00:00", "symbol": "DOGE-USD"}, {"trade_id": 139228834, "side": "buy", "size": "270.40000000", "price": "0.19970000", "time": "2025-07-16T07:42:17.996762Z", "fetched_at": "2025-07-16T07:46:31.067268+00:00", "symbol": "DOGE-USD"}, {"trade_id": 139228833, "side": "sell", "size": "12718.10000000", "price": "0.19969000", "time": "2025-07-16T07:42:03.239634Z", "fetched_at": "2025-07-16T07:46:31.067268+00:00", "symbol": "DOGE-USD"}, {"trade_id": 139228832, "side": "sell", "size": "4737.80000000", "price": "0.19969000", "time": "2025-07-16T07:41:55.124378Z", "fetched_at": "2025-07-16T07:46:31.067268+00:00", "symbol": "DOGE-USD"}, {"trade_id": 139228831, "side": "sell", "size": "1142.50000000", "price": "0.19968000", "time": "2025-07-16T07:41:54.999968Z", "fetched_at": "2025-07-16T07:46:31.067268+00:00", "symbol": "DOGE-USD"}, {"trade_id": 139228830, "side": "sell", "size": "21210.60000000", "price": "0.19986000", "time": "2025-07-16T07:41:54.989415Z", "fetched_at": "2025-07-16T07:46:31.067268+00:00", "symbol": "DOGE-USD"}, {"trade_id": 139228829, "side": "sell", "size": "6841.50000000", "price": "0.19986000", "time": "2025-07-16T07:41:54.989415Z", "fetched_at": "2025-07-16T07:46:31.067268+00:00", "symbol": "DOGE-USD"}, {"trade_id": 139228828, "side": "sell", "size": "1593.00000000", "price": "0.19986000", "time": "2025-07-16T07:41:54.989415Z", "fetched_at": "2025-07-16T07:46:31.067268+00:00", "symbol": "DOGE-USD"}, {"trade_id": 139228827, "side": "sell", "size": "6841.50000000", "price": "0.19985000", "time": "2025-07-16T07:41:54.989415Z", "fetched_at": "2025-07-16T07:46:31.067268+00:00", "symbol": "DOGE-USD"}, {"trade_id": 139228826, "side": "sell", "size": "5.60000000", "price": "0.19984000", "time": "2025-07-16T07:41:54.989415Z", "fetched_at": "2025-07-16T07:46:31.067268+00:00", "symbol": "DOGE-USD"}, {"trade_id": 139228825, "side": "sell", "size": "1593.00000000", "price": "0.19984000", "time": "2025-07-16T07:41:54.989415Z", "fetched_at": "2025-07-16T07:46:31.067268+00:00", "symbol": "DOGE-USD"}, {"trade_id": 139228824, "side": "sell", "size": "6841.50000000", "price": "0.19984000", "time": "2025-07-16T07:41:54.989415Z", "fetched_at": "2025-07-16T07:46:31.067268+00:00", "symbol": "DOGE-USD"}, {"trade_id": 139228823, "side": "sell", "size": "6842.20000000", "price": "0.19983000", "time": "2025-07-16T07:41:54.989415Z", "fetched_at": "2025-07-16T07:46:31.067268+00:00", "symbol": "DOGE-USD"}, {"trade_id": 139228822, "side": "sell", "size": "5.60000000", "price": "0.19982000", "time": "2025-07-16T07:41:54.989415Z", "fetched_at": "2025-07-16T07:46:31.067268+00:00", "symbol": "DOGE-USD"}, {"trade_id": 139228821, "side": "sell", "size": "6842.20000000", "price": "0.19982000", "time": "2025-07-16T07:41:54.989415Z", "fetched_at": "2025-07-16T07:46:31.067268+00:00", "symbol": "DOGE-USD"}, {"trade_id": 139228820, "side": "sell", "size": "1593.00000000", "price": "0.19982000", "time": "2025-07-16T07:41:54.989415Z", "fetched_at": "2025-07-16T07:46:31.067268+00:00", "symbol": "DOGE-USD"}, {"trade_id": 139228819, "side": "sell", "size": "3753.50000000", "price": "0.19981000", "time": "2025-07-16T07:41:54.989415Z", "fetched_at": "2025-07-16T07:46:31.067268+00:00", "symbol": "DOGE-USD"}, {"trade_id": 139228818, "side": "sell", "size": "5343.70000000", "price": "0.19981000", "time": "2025-07-16T07:41:54.989415Z", "fetched_at": "2025-07-16T07:46:31.067268+00:00", "symbol": "DOGE-USD"}, {"trade_id": 139228817, "side": "sell", "size": "34592.40000000", "price": "0.19981000", "time": "2025-07-16T07:41:54.989415Z", "fetched_at": "2025-07-16T07:46:31.067268+00:00", "symbol": "DOGE-USD"}, {"trade_id": 139228816, "side": "sell", "size": "6842.20000000", "price": "0.19981000", "time": "2025-07-16T07:41:54.989415Z", "fetched_at": "2025-07-16T07:46:31.067268+00:00", "symbol": "DOGE-USD"}, {"trade_id": 139228815, "side": "sell", "size": "80000.00000000", "price": "0.19980000", "time": "2025-07-16T07:41:54.989415Z", "fetched_at": "2025-07-16T07:46:31.067268+00:00", "symbol": "DOGE-USD"}, {"trade_id": 139228814, "side": "sell", "size": "62565.00000000", "price": "0.19980000", "time": "2025-07-16T07:41:54.989415Z", "fetched_at": "2025-07-16T07:46:31.067268+00:00", "symbol": "DOGE-USD"}, {"trade_id": 139228813, "side": "sell", "size": "5.60000000", "price": "0.19980000", "time": "2025-07-16T07:41:54.989415Z", "fetched_at": "2025-07-16T07:46:31.067268+00:00", "symbol": "DOGE-USD"}, {"trade_id": 139228812, "side": "sell", "size": "6843.40000000", "price": "0.19980000", "time": "2025-07-16T07:41:54.989415Z", "fetched_at": "2025-07-16T07:46:31.067268+00:00", "symbol": "DOGE-USD"}, {"trade_id": 139228811, "side": "sell", "size": "6843.50000000", "price": "0.19979000", "time": "2025-07-16T07:41:54.989415Z", "fetched_at": "2025-07-16T07:46:31.067268+00:00", "symbol": "DOGE-USD"}, {"trade_id": 139228810, "side": "sell", "size": "1593.00000000", "price": "0.19979000", "time": "2025-07-16T07:41:54.989415Z", "fetched_at": "2025-07-16T07:46:31.067268+00:00", "symbol": "DOGE-USD"}, {"trade_id": 139228809, "side": "sell", "size": "1161.00000000", "price": "0.19978000", "time": "2025-07-16T07:41:54.989415Z", "fetched_at": "2025-07-16T07:46:31.067268+00:00", "symbol": "DOGE-USD"}, {"trade_id": 139228808, "side": "sell", "size": "5.60000000", "price": "0.19978000", "time": "2025-07-16T07:41:54.989415Z", "fetched_at": "2025-07-16T07:46:31.067268+00:00", "symbol": "DOGE-USD"}, {"trade_id": 139228807, "side": "sell", "size": "6843.50000000", "price": "0.19978000", "time": "2025-07-16T07:41:54.989415Z", "fetched_at": "2025-07-16T07:46:31.067268+00:00", "symbol": "DOGE-USD"}, {"trade_id": 139228806, "side": "sell", "size": "4079.70000000", "price": "0.19977000", "time": "2025-07-16T07:41:54.989415Z", "fetched_at": "2025-07-16T07:46:31.067268+00:00", "symbol": "DOGE-USD"}, {"trade_id": 139228805, "side": "sell", "size": "6844.90000000", "price": "0.19977000", "time": "2025-07-16T07:41:54.989415Z", "fetched_at": "2025-07-16T07:46:31.067268+00:00", "symbol": "DOGE-USD"}, {"trade_id": 139228804, "side": "sell", "size": "1593.00000000", "price": "0.19977000", "time": "2025-07-16T07:41:54.989415Z", "fetched_at": "2025-07-16T07:46:31.067268+00:00", "symbol": "DOGE-USD"}, {"trade_id": 139228803, "side": "sell", "size": "2500.00000000", "price": "0.19976000", "time": "2025-07-16T07:41:54.989415Z", "fetched_at": "2025-07-16T07:46:31.067268+00:00", "symbol": "DOGE-USD"}, {"trade_id": 139228802, "side": "sell", "size": "10000.00000000", "price": "0.19976000", "time": "2025-07-16T07:41:54.989415Z", "fetched_at": "2025-07-16T07:46:31.067268+00:00", "symbol": "DOGE-USD"}, {"trade_id": 139228801, "side": "sell", "size": "5000.00000000", "price": "0.19976000", "time": "2025-07-16T07:41:54.989415Z", "fetched_at": "2025-07-16T07:46:31.067268+00:00", "symbol": "DOGE-USD"}, {"trade_id": 139228800, "side": "sell", "size": "11674.00000000", "price": "0.19976000", "time": "2025-07-16T07:41:54.989415Z", "fetched_at": "2025-07-16T07:46:31.067268+00:00", "symbol": "DOGE-USD"}, {"trade_id": 139228799, "side": "sell", "size": "5.60000000", "price": "0.19976000", "time": "2025-07-16T07:41:54.989415Z", "fetched_at": "2025-07-16T07:46:31.067268+00:00", "symbol": "DOGE-USD"}, {"trade_id": 139228798, "side": "sell", "size": "6844.90000000", "price": "0.19976000", "time": "2025-07-16T07:41:54.989415Z", "fetched_at": "2025-07-16T07:46:31.067268+00:00", "symbol": "DOGE-USD"}, {"trade_id": 139228797, "side": "sell", "size": "12718.10000000", "price": "0.19975000", "time": "2025-07-16T07:41:54.989415Z", "fetched_at": "2025-07-16T07:46:31.067268+00:00", "symbol": "DOGE-USD"}, {"trade_id": 139228796, "side": "sell", "size": "1874.00000000", "price": "0.19975000", "time": "2025-07-16T07:41:54.989415Z", "fetched_at": "2025-07-16T07:46:31.067268+00:00", "symbol": "DOGE-USD"}, {"trade_id": 139228795, "side": "sell", "size": "6845.30000000", "price": "0.19975000", "time": "2025-07-16T07:41:54.989415Z", "fetched_at": "2025-07-16T07:46:31.067268+00:00", "symbol": "DOGE-USD"}, {"trade_id": 139228794, "side": "sell", "size": "1593.00000000", "price": "0.19975000", "time": "2025-07-16T07:41:54.989415Z", "fetched_at": "2025-07-16T07:46:31.067268+00:00", "symbol": "DOGE-USD"}, {"trade_id": 139228793, "side": "sell", "size": "4008.10000000", "price": "0.19974000", "time": "2025-07-16T07:41:54.989415Z", "fetched_at": "2025-07-16T07:46:31.067268+00:00", "symbol": "DOGE-USD"}, {"trade_id": 139228792, "side": "sell", "size": "5.60000000", "price": "0.19974000", "time": "2025-07-16T07:41:54.989415Z", "fetched_at": "2025-07-16T07:46:31.067268+00:00", "symbol": "DOGE-USD"}, {"trade_id": 139228791, "side": "sell", "size": "5489.40000000", "price": "0.19974000", "time": "2025-07-16T07:41:54.989415Z", "fetched_at": "2025-07-16T07:46:31.067268+00:00", "symbol": "DOGE-USD"}, {"trade_id": 139228790, "side": "sell", "size": "6845.30000000", "price": "0.19974000", "time": "2025-07-16T07:41:54.989415Z", "fetched_at": "2025-07-16T07:46:31.067268+00:00", "symbol": "DOGE-USD"}, {"trade_id": 139228789, "side": "sell", "size": "6845.30000000", "price": "0.19973000", "time": "2025-07-16T07:41:54.989415Z", "fetched_at": "2025-07-16T07:46:31.067268+00:00", "symbol": "DOGE-USD"}, {"trade_id": 139228788, "side": "sell", "size": "5600.40000000", "price": "0.19972000", "time": "2025-07-16T07:41:54.989415Z", "fetched_at": "2025-07-16T07:46:31.067268+00:00", "symbol": "DOGE-USD"}, {"trade_id": 139228787, "side": "sell", "size": "2000.00000000", "price": "0.19972000", "time": "2025-07-16T07:41:54.989415Z", "fetched_at": "2025-07-16T07:46:31.067268+00:00", "symbol": "DOGE-USD"}, {"trade_id": 139228786, "side": "sell", "size": "4858.90000000", "price": "0.19972000", "time": "2025-07-16T07:41:54.989415Z", "fetched_at": "2025-07-16T07:46:31.067268+00:00", "symbol": "DOGE-USD"}, {"trade_id": 139228785, "side": "sell", "size": "5.60000000", "price": "0.19972000", "time": "2025-07-16T07:41:54.989415Z", "fetched_at": "2025-07-16T07:46:31.067268+00:00", "symbol": "DOGE-USD"}, {"trade_id": 139228784, "side": "sell", "size": "1593.00000000", "price": "0.19972000", "time": "2025-07-16T07:41:54.989415Z", "fetched_at": "2025-07-16T07:46:31.067268+00:00", "symbol": "DOGE-USD"}, {"trade_id": 139228783, "side": "sell", "size": "6847.30000000", "price": "0.19972000", "time": "2025-07-16T07:41:54.989415Z", "fetched_at": "2025-07-16T07:46:31.067268+00:00", "symbol": "DOGE-USD"}, {"trade_id": 139228782, "side": "sell", "size": "12718.10000000", "price": "0.19971000", "time": "2025-07-16T07:41:54.989415Z", "fetched_at": "2025-07-16T07:46:31.067268+00:00", "symbol": "DOGE-USD"}, {"trade_id": 139228781, "side": "sell", "size": "6847.30000000", "price": "0.19971000", "time": "2025-07-16T07:41:54.989415Z", "fetched_at": "2025-07-16T07:46:31.067268+00:00", "symbol": "DOGE-USD"}, {"trade_id": 139228780, "side": "sell", "size": "6848.70000000", "price": "0.19970000", "time": "2025-07-16T07:41:54.989415Z", "fetched_at": "2025-07-16T07:46:31.067268+00:00", "symbol": "DOGE-USD"}, {"trade_id": 139228779, "side": "sell", "size": "1369.20000000", "price": "0.19970000", "time": "2025-07-16T07:41:54.989415Z", "fetched_at": "2025-07-16T07:46:31.067268+00:00", "symbol": "DOGE-USD"}, {"trade_id": 139228778, "side": "sell", "size": "12918.70000000", "price": "0.19970000", "time": "2025-07-16T07:41:54.989415Z", "fetched_at": "2025-07-16T07:46:31.067268+00:00", "symbol": "DOGE-USD"}, {"trade_id": 139228777, "side": "sell", "size": "1874.00000000", "price": "0.19970000", "time": "2025-07-16T07:41:54.989415Z", "fetched_at": "2025-07-16T07:46:31.067268+00:00", "symbol": "DOGE-USD"}, {"trade_id": 139228776, "side": "sell", "size": "5.60000000", "price": "0.19970000", "time": "2025-07-16T07:41:54.989415Z", "fetched_at": "2025-07-16T07:46:31.067268+00:00", "symbol": "DOGE-USD"}, {"trade_id": 139228775, "side": "sell", "size": "10000.00000000", "price": "0.19970000", "time": "2025-07-16T07:41:54.989415Z", "fetched_at": "2025-07-16T07:46:31.067268+00:00", "symbol": "DOGE-USD"}, {"trade_id": 139228774, "side": "sell", "size": "1593.00000000", "price": "0.19970000", "time": "2025-07-16T07:41:54.989415Z", "fetched_at": "2025-07-16T07:46:31.067268+00:00", "symbol": "DOGE-USD"}, {"trade_id": 139228773, "side": "sell", "size": "6848.70000000", "price": "0.19969000", "time": "2025-07-16T07:41:54.989415Z", "fetched_at": "2025-07-16T07:46:31.067268+00:00", "symbol": "DOGE-USD"}, {"trade_id": 139228772, "side": "sell", "size": "2500.00000000", "price": "0.19969000", "time": "2025-07-16T07:41:54.989415Z", "fetched_at": "2025-07-16T07:46:31.067268+00:00", "symbol": "DOGE-USD"}, {"trade_id": 139228771, "side": "sell", "size": "1928.90000000", "price": "0.19969000", "time": "2025-07-16T07:41:54.989415Z", "fetched_at": "2025-07-16T07:46:31.067268+00:00", "symbol": "DOGE-USD"}, {"trade_id": 139228770, "side": "sell", "size": "2956.40000000", "price": "0.19969000", "time": "2025-07-16T07:41:54.989415Z", "fetched_at": "2025-07-16T07:46:31.067268+00:00", "symbol": "DOGE-USD"}, {"trade_id": 139228769, "side": "sell", "size": "1874.00000000", "price": "0.19969000", "time": "2025-07-16T07:41:54.989415Z", "fetched_at": "2025-07-16T07:46:31.067268+00:00", "symbol": "DOGE-USD"}, {"trade_id": 139228768, "side": "sell", "size": "12718.10000000", "price": "0.19969000", "time": "2025-07-16T07:41:54.989415Z", "fetched_at": "2025-07-16T07:46:31.067268+00:00", "symbol": "DOGE-USD"}, {"trade_id": 139228767, "side": "sell", "size": "4821.10000000", "price": "0.19968000", "time": "2025-07-16T07:41:54.989415Z", "fetched_at": "2025-07-16T07:46:31.067268+00:00", "symbol": "DOGE-USD"}, {"trade_id": 139228766, "side": "sell", "size": "6848.70000000", "price": "0.19968000", "time": "2025-07-16T07:41:54.989415Z", "fetched_at": "2025-07-16T07:46:31.067268+00:00", "symbol": "DOGE-USD"}, {"trade_id": 139228765, "side": "sell", "size": "6313.70000000", "price": "0.19968000", "time": "2025-07-16T07:41:54.989415Z", "fetched_at": "2025-07-16T07:46:31.067268+00:00", "symbol": "DOGE-USD"}, {"trade_id": 139228764, "side": "sell", "size": "1142.50000000", "price": "0.19968000", "time": "2025-07-16T07:41:54.989415Z", "fetched_at": "2025-07-16T07:46:31.067268+00:00", "symbol": "DOGE-USD"}, {"trade_id": 139228763, "side": "sell", "size": "5522.60000000", "price": "0.19968000", "time": "2025-07-16T07:41:54.989415Z", "fetched_at": "2025-07-16T07:46:31.067268+00:00", "symbol": "DOGE-USD"}, {"trade_id": 139228762, "side": "sell", "size": "1874.00000000", "price": "0.19968000", "time": "2025-07-16T07:41:54.989415Z", "fetched_at": "2025-07-16T07:46:31.067268+00:00", "symbol": "DOGE-USD"}, {"trade_id": 139228761, "side": "sell", "size": "5.60000000", "price": "0.19968000", "time": "2025-07-16T07:41:54.989415Z", "fetched_at": "2025-07-16T07:46:31.067268+00:00", "symbol": "DOGE-USD"}, {"trade_id": 139228760, "side": "sell", "size": "1593.00000000", "price": "0.19968000", "time": "2025-07-16T07:41:54.989415Z", "fetched_at": "2025-07-16T07:46:31.067268+00:00", "symbol": "DOGE-USD"}, {"trade_id": 139228759, "side": "sell", "size": "2635.50000000", "price": "0.19967000", "time": "2025-07-16T07:41:54.989415Z", "fetched_at": "2025-07-16T07:46:31.067268+00:00", "symbol": "DOGE-USD"}, {"trade_id": 139228758, "side": "sell", "size": "1611.10000000", "price": "0.19967000", "time": "2025-07-16T07:41:54.989415Z", "fetched_at": "2025-07-16T07:46:31.067268+00:00", "symbol": "DOGE-USD"}, {"trade_id": 139228757, "side": "sell", "size": "1593.00000000", "price": "0.19966000", "time": "2025-07-16T07:41:54.989415Z", "fetched_at": "2025-07-16T07:46:31.067268+00:00", "symbol": "DOGE-USD"}, {"trade_id": 139228756, "side": "sell", "size": "5.60000000", "price": "0.19966000", "time": "2025-07-16T07:41:54.989415Z", "fetched_at": "2025-07-16T07:46:31.067268+00:00", "symbol": "DOGE-USD"}, {"trade_id": 139228755, "side": "sell", "size": "18357.00000000", "price": "0.19965000", "time": "2025-07-16T07:41:54.989415Z", "fetched_at": "2025-07-16T07:46:31.067268+00:00", "symbol": "DOGE-USD"}, {"trade_id": 139228754, "side": "sell", "size": "4553.20000000", "price": "0.19965000", "time": "2025-07-16T07:41:54.989415Z", "fetched_at": "2025-07-16T07:46:31.067268+00:00", "symbol": "DOGE-USD"}, {"trade_id": 139228753, "side": "sell", "size": "945.30000000", "price": "0.19964000", "time": "2025-07-16T07:41:54.989415Z", "fetched_at": "2025-07-16T07:46:31.067268+00:00", "symbol": "DOGE-USD"}, {"trade_id": 139228752, "side": "sell", "size": "5.60000000", "price": "0.19964000", "time": "2025-07-16T07:41:54.989415Z", "fetched_at": "2025-07-16T07:46:31.067268+00:00", "symbol": "DOGE-USD"}, {"trade_id": 139228751, "side": "sell", "size": "5.60000000", "price": "0.19962000", "time": "2025-07-16T07:41:54.388234Z", "fetched_at": "2025-07-16T07:46:31.067268+00:00", "symbol": "DOGE-USD"}, {"trade_id": 139228750, "side": "sell", "size": "5.60000000", "price": "0.19960000", "time": "2025-07-16T07:41:33.908235Z", "fetched_at": "2025-07-16T07:46:31.067268+00:00", "symbol": "DOGE-USD"}, {"trade_id": 139228749, "side": "sell", "size": "5.60000000", "price": "0.19956000", "time": "2025-07-16T07:41:33.756950Z", "fetched_at": "2025-07-16T07:46:31.067268+00:00", "symbol": "DOGE-USD"}, {"trade_id": 139228748, "side": "buy", "size": "5.60000000", "price": "0.19952000", "time": "2025-07-16T07:41:30.944567Z", "fetched_at": "2025-07-16T07:46:31.067268+00:00", "symbol": "DOGE-USD"}, {"trade_id": 139228747, "side": "buy", "size": "5.60000000", "price": "0.19954000", "time": "2025-07-16T07:41:27.901619Z", "fetched_at": "2025-07-16T07:46:31.067268+00:00", "symbol": "DOGE-USD"}, {"trade_id": 139228746, "side": "sell", "size": "243.30000000", "price": "0.19955000", "time": "2025-07-16T07:41:24.374794Z", "fetched_at": "2025-07-16T07:46:31.067268+00:00", "symbol": "DOGE-USD"}, {"trade_id": 139228745, "side": "sell", "size": "3.70000000", "price": "0.19955000", "time": "2025-07-16T07:41:24.091480Z", "fetched_at": "2025-07-16T07:46:31.067268+00:00", "symbol": "DOGE-USD"}, {"trade_id": 139228744, "side": "sell", "size": "1133.20000000", "price": "0.19961000", "time": "2025-07-16T07:41:23.434735Z", "fetched_at": "2025-07-16T07:46:31.067268+00:00", "symbol": "DOGE-USD"}, {"trade_id": 139228743, "side": "sell", "size": "838.00000000", "price": "0.19961000", "time": "2025-07-16T07:41:23.434735Z", "fetched_at": "2025-07-16T07:46:31.067268+00:00", "symbol": "DOGE-USD"}, {"trade_id": 139228742, "side": "sell", "size": "945.30000000", "price": "0.19961000", "time": "2025-07-16T07:41:23.434735Z", "fetched_at": "2025-07-16T07:46:31.067268+00:00", "symbol": "DOGE-USD"}, {"trade_id": 139228741, "side": "sell", "size": "867.10000000", "price": "0.19961000", "time": "2025-07-16T07:41:23.434735Z", "fetched_at": "2025-07-16T07:46:31.067268+00:00", "symbol": "DOGE-USD"}, {"trade_id": 139228740, "side": "sell", "size": "867.10000000", "price": "0.19960000", "time": "2025-07-16T07:41:23.434735Z", "fetched_at": "2025-07-16T07:46:31.067268+00:00", "symbol": "DOGE-USD"}, {"trade_id": 139228739, "side": "sell", "size": "838.00000000", "price": "0.19960000", "time": "2025-07-16T07:41:23.434735Z", "fetched_at": "2025-07-16T07:46:31.067268+00:00", "symbol": "DOGE-USD"}, {"trade_id": 139228738, "side": "sell", "size": "945.30000000", "price": "0.19960000", "time": "2025-07-16T07:41:23.434735Z", "fetched_at": "2025-07-16T07:46:31.067268+00:00", "symbol": "DOGE-USD"}, {"trade_id": 139228737, "side": "sell", "size": "12718.10000000", "price": "0.19960000", "time": "2025-07-16T07:41:23.434735Z", "fetched_at": "2025-07-16T07:46:31.067268+00:00", "symbol": "DOGE-USD"}, {"trade_id": 139228736, "side": "sell", "size": "208.30000000", "price": "0.19960000", "time": "2025-07-16T07:41:23.434735Z", "fetched_at": "2025-07-16T07:46:31.067268+00:00", "symbol": "DOGE-USD"}, {"trade_id": 139228735, "side": "sell", "size": "208.30000000", "price": "0.19959000", "time": "2025-07-16T07:41:23.434735Z", "fetched_at": "2025-07-16T07:46:31.067268+00:00", "symbol": "DOGE-USD"}, {"trade_id": 139228734, "side": "sell", "size": "945.30000000", "price": "0.19959000", "time": "2025-07-16T07:41:23.434735Z", "fetched_at": "2025-07-16T07:46:31.067268+00:00", "symbol": "DOGE-USD"}, {"trade_id": 139228733, "side": "sell", "size": "838.00000000", "price": "0.19959000", "time": "2025-07-16T07:41:23.434735Z", "fetched_at": "2025-07-16T07:46:31.067268+00:00", "symbol": "DOGE-USD"}, {"trade_id": 139228732, "side": "sell", "size": "1593.00000000", "price": "0.19958000", "time": "2025-07-16T07:41:23.434735Z", "fetched_at": "2025-07-16T07:46:31.067268+00:00", "symbol": "DOGE-USD"}, {"trade_id": 139228731, "side": "sell", "size": "838.00000000", "price": "0.19958000", "time": "2025-07-16T07:41:23.434735Z", "fetched_at": "2025-07-16T07:46:31.067268+00:00", "symbol": "DOGE-USD"}, {"trade_id": 139228730, "side": "sell", "size": "945.30000000", "price": "0.19958000", "time": "2025-07-16T07:41:23.434735Z", "fetched_at": "2025-07-16T07:46:31.067268+00:00", "symbol": "DOGE-USD"}, {"trade_id": 139228729, "side": "sell", "size": "945.30000000", "price": "0.19957000", "time": "2025-07-16T07:41:23.434735Z", "fetched_at": "2025-07-16T07:46:31.067268+00:00", "symbol": "DOGE-USD"}, {"trade_id": 139228728, "side": "sell", "size": "838.00000000", "price": "0.19957000", "time": "2025-07-16T07:41:23.434735Z", "fetched_at": "2025-07-16T07:46:31.067268+00:00", "symbol": "DOGE-USD"}, {"trade_id": 139228727, "side": "sell", "size": "867.10000000", "price": "0.19956000", "time": "2025-07-16T07:41:23.434735Z", "fetched_at": "2025-07-16T07:46:31.067268+00:00", "symbol": "DOGE-USD"}, {"trade_id": 139228726, "side": "buy", "size": "3950.10000000", "price": "0.19956000", "time": "2025-07-16T07:41:23.424031Z", "fetched_at": "2025-07-16T07:46:31.067268+00:00", "symbol": "DOGE-USD"}, {"trade_id": 139228725, "side": "buy", "size": "5.60000000", "price": "0.19956000", "time": "2025-07-16T07:41:23.424031Z", "fetched_at": "2025-07-16T07:46:31.067268+00:00", "symbol": "DOGE-USD"}, {"trade_id": 139228724, "side": "buy", "size": "5.60000000", "price": "0.19958000", "time": "2025-07-16T07:41:23.385908Z", "fetched_at": "2025-07-16T07:46:31.067268+00:00", "symbol": "DOGE-USD"}, {"trade_id": 139228723, "side": "buy", "size": "1593.00000000", "price": "0.19958000", "time": "2025-07-16T07:41:23.385908Z", "fetched_at": "2025-07-16T07:46:31.067268+00:00", "symbol": "DOGE-USD"}, {"trade_id": 139228722, "side": "buy", "size": "1645.30000000", "price": "0.19959000", "time": "2025-07-16T07:41:23.385908Z", "fetched_at": "2025-07-16T07:46:31.067268+00:00", "symbol": "DOGE-USD"}, {"trade_id": 139228721, "side": "buy", "size": "5489.80000000", "price": "0.19959000", "time": "2025-07-16T07:41:23.378611Z", "fetched_at": "2025-07-16T07:46:31.067268+00:00", "symbol": "DOGE-USD"}, {"trade_id": 139228720, "side": "buy", "size": "1389.50000000", "price": "0.19960000", "time": "2025-07-16T07:41:23.378611Z", "fetched_at": "2025-07-16T07:46:31.067268+00:00", "symbol": "DOGE-USD"}, {"trade_id": 139228719, "side": "buy", "size": "10000.00000000", "price": "0.19960000", "time": "2025-07-16T07:41:23.378611Z", "fetched_at": "2025-07-16T07:46:31.067268+00:00", "symbol": "DOGE-USD"}, {"trade_id": 139228718, "side": "buy", "size": "5.60000000", "price": "0.19960000", "time": "2025-07-16T07:41:23.378611Z", "fetched_at": "2025-07-16T07:46:31.067268+00:00", "symbol": "DOGE-USD"}, {"trade_id": 139228717, "side": "buy", "size": "276.90000000", "price": "0.19960000", "time": "2025-07-16T07:41:23.377739Z", "fetched_at": "2025-07-16T07:46:31.067268+00:00", "symbol": "DOGE-USD"}, {"trade_id": 139228716, "side": "buy", "size": "6849.00000000", "price": "0.19960000", "time": "2025-07-16T07:41:23.377739Z", "fetched_at": "2025-07-16T07:46:31.067268+00:00", "symbol": "DOGE-USD"}, {"trade_id": 139228715, "side": "buy", "size": "12117.30000000", "price": "0.19961000", "time": "2025-07-16T07:41:23.377739Z", "fetched_at": "2025-07-16T07:46:31.067268+00:00", "symbol": "DOGE-USD"}, {"trade_id": 139228714, "side": "buy", "size": "815.50000000", "price": "0.19961000", "time": "2025-07-16T07:41:23.377739Z", "fetched_at": "2025-07-16T07:46:31.067268+00:00", "symbol": "DOGE-USD"}, {"trade_id": 139228713, "side": "buy", "size": "9459.80000000", "price": "0.19961000", "time": "2025-07-16T07:41:23.377589Z", "fetched_at": "2025-07-16T07:46:31.067268+00:00", "symbol": "DOGE-USD"}, {"trade_id": 139228712, "side": "buy", "size": "7696.70000000", "price": "0.19961000", "time": "2025-07-16T07:41:23.377250Z", "fetched_at": "2025-07-16T07:46:31.067268+00:00", "symbol": "DOGE-USD"}, {"trade_id": 139228711, "side": "buy", "size": "5573.20000000", "price": "0.19961000", "time": "2025-07-16T07:41:23.377250Z", "fetched_at": "2025-07-16T07:46:31.067268+00:00", "symbol": "DOGE-USD"}, {"trade_id": 139228710, "side": "buy", "size": "1273.80000000", "price": "0.19961000", "time": "2025-07-16T07:41:23.376399Z", "fetched_at": "2025-07-16T07:46:31.067268+00:00", "symbol": "DOGE-USD"}, {"trade_id": 139228709, "side": "buy", "size": "4901.60000000", "price": "0.19962000", "time": "2025-07-16T07:41:23.376399Z", "fetched_at": "2025-07-16T07:46:31.067268+00:00", "symbol": "DOGE-USD"}, {"trade_id": 139228708, "side": "buy", "size": "3466.60000000", "price": "0.19962000", "time": "2025-07-16T07:41:23.376399Z", "fetched_at": "2025-07-16T07:46:31.067268+00:00", "symbol": "DOGE-USD"}, {"trade_id": 139228707, "side": "buy", "size": "6077.80000000", "price": "0.19962000", "time": "2025-07-16T07:41:23.376003Z", "fetched_at": "2025-07-16T07:46:31.067268+00:00", "symbol": "DOGE-USD"}, {"trade_id": 139228706, "side": "buy", "size": "3581.60000000", "price": "0.19962000", "time": "2025-07-16T07:41:23.374937Z", "fetched_at": "2025-07-16T07:46:31.067268+00:00", "symbol": "DOGE-USD"}, {"trade_id": 139228705, "side": "buy", "size": "7161.80000000", "price": "0.19962000", "time": "2025-07-16T07:41:23.372992Z", "fetched_at": "2025-07-16T07:46:31.067268+00:00", "symbol": "DOGE-USD"}, {"trade_id": 139228704, "side": "buy", "size": "1874.00000000", "price": "0.19962000", "time": "2025-07-16T07:41:23.372992Z", "fetched_at": "2025-07-16T07:46:31.067268+00:00", "symbol": "DOGE-USD"}, {"trade_id": 139228703, "side": "buy", "size": "1959.40000000", "price": "0.19962000", "time": "2025-07-16T07:41:23.372992Z", "fetched_at": "2025-07-16T07:46:31.067268+00:00", "symbol": "DOGE-USD"}, {"trade_id": 139228702, "side": "buy", "size": "6847.00000000", "price": "0.19962000", "time": "2025-07-16T07:41:23.372992Z", "fetched_at": "2025-07-16T07:46:31.067268+00:00", "symbol": "DOGE-USD"}, {"trade_id": 139228701, "side": "buy", "size": "5.60000000", "price": "0.19962000", "time": "2025-07-16T07:41:23.372992Z", "fetched_at": "2025-07-16T07:46:31.067268+00:00", "symbol": "DOGE-USD"}, {"trade_id": 139228700, "side": "buy", "size": "3179.00000000", "price": "0.19963000", "time": "2025-07-16T07:41:23.372992Z", "fetched_at": "2025-07-16T07:46:31.067268+00:00", "symbol": "DOGE-USD"}, {"trade_id": 139228699, "side": "buy", "size": "1874.00000000", "price": "0.19963000", "time": "2025-07-16T07:41:23.372992Z", "fetched_at": "2025-07-16T07:46:31.067268+00:00", "symbol": "DOGE-USD"}, {"trade_id": 139228698, "side": "buy", "size": "1593.00000000", "price": "0.19963000", "time": "2025-07-16T07:41:23.372992Z", "fetched_at": "2025-07-16T07:46:31.067268+00:00", "symbol": "DOGE-USD"}, {"trade_id": 139228697, "side": "buy", "size": "4006.70000000", "price": "0.19965000", "time": "2025-07-16T07:41:23.372694Z", "fetched_at": "2025-07-16T07:46:31.067268+00:00", "symbol": "DOGE-USD"}, {"trade_id": 139228696, "side": "buy", "size": "4062.00000000", "price": "0.19964000", "time": "2025-07-16T07:41:23.368306Z", "fetched_at": "2025-07-16T07:46:31.067268+00:00", "symbol": "DOGE-USD"}, {"trade_id": 139228695, "side": "buy", "size": "1874.00000000", "price": "0.19964000", "time": "2025-07-16T07:41:23.368306Z", "fetched_at": "2025-07-16T07:46:31.067268+00:00", "symbol": "DOGE-USD"}, {"trade_id": 139228694, "side": "buy", "size": "5.60000000", "price": "0.19964000", "time": "2025-07-16T07:41:23.368306Z", "fetched_at": "2025-07-16T07:46:31.067268+00:00", "symbol": "DOGE-USD"}, {"trade_id": 139228693, "side": "buy", "size": "2003.50000000", "price": "0.19965000", "time": "2025-07-16T07:41:23.367890Z", "fetched_at": "2025-07-16T07:46:31.067268+00:00", "symbol": "DOGE-USD"}, {"trade_id": 139228692, "side": "buy", "size": "1405.00000000", "price": "0.19965000", "time": "2025-07-16T07:41:23.367890Z", "fetched_at": "2025-07-16T07:46:31.067268+00:00", "symbol": "DOGE-USD"}, {"trade_id": 139228691, "side": "buy", "size": "4063.80000000", "price": "0.19965000", "time": "2025-07-16T07:41:23.367890Z", "fetched_at": "2025-07-16T07:46:31.067268+00:00", "symbol": "DOGE-USD"}, {"trade_id": 139228690, "side": "buy", "size": "837.80000000", "price": "0.19965000", "time": "2025-07-16T07:41:23.367791Z", "fetched_at": "2025-07-16T07:46:31.067268+00:00", "symbol": "DOGE-USD"}, {"trade_id": 139228689, "side": "buy", "size": "1874.00000000", "price": "0.19965000", "time": "2025-07-16T07:41:23.367791Z", "fetched_at": "2025-07-16T07:46:31.067268+00:00", "symbol": "DOGE-USD"}, {"trade_id": 139228688, "side": "buy", "size": "2000.00000000", "price": "0.19965000", "time": "2025-07-16T07:41:23.367791Z", "fetched_at": "2025-07-16T07:46:31.067268+00:00", "symbol": "DOGE-USD"}, {"trade_id": 139228687, "side": "buy", "size": "700.00000000", "price": "0.19966000", "time": "2025-07-16T07:41:23.367791Z", "fetched_at": "2025-07-16T07:46:31.067268+00:00", "symbol": "DOGE-USD"}, {"trade_id": 139228686, "side": "buy", "size": "1139.30000000", "price": "0.19967000", "time": "2025-07-16T07:41:23.364157Z", "fetched_at": "2025-07-16T07:46:31.067268+00:00", "symbol": "DOGE-USD"}, {"trade_id": 139228685, "side": "buy", "size": "196.40000000", "price": "0.19967000", "time": "2025-07-16T07:41:21.977997Z", "fetched_at": "2025-07-16T07:46:31.067268+00:00", "symbol": "DOGE-USD"}, {"trade_id": 139228684, "side": "buy", "size": "202.70000000", "price": "0.19966000", "time": "2025-07-16T07:41:21.975678Z", "fetched_at": "2025-07-16T07:46:31.067268+00:00", "symbol": "DOGE-USD"}, {"trade_id": 139228683, "side": "buy", "size": "5.60000000", "price": "0.19966000", "time": "2025-07-16T07:41:21.975678Z", "fetched_at": "2025-07-16T07:46:31.067268+00:00", "symbol": "DOGE-USD"}, {"trade_id": 139228682, "side": "buy", "size": "1139.30000000", "price": "0.19967000", "time": "2025-07-16T07:41:21.969181Z", "fetched_at": "2025-07-16T07:46:31.067268+00:00", "symbol": "DOGE-USD"}, {"trade_id": 139228681, "side": "buy", "size": "5.60000000", "price": "0.19968000", "time": "2025-07-16T07:41:21.969181Z", "fetched_at": "2025-07-16T07:46:31.067268+00:00", "symbol": "DOGE-USD"}, {"trade_id": 139228680, "side": "buy", "size": "5.60000000", "price": "0.19970000", "time": "2025-07-16T07:41:21.755119Z", "fetched_at": "2025-07-16T07:46:31.067268+00:00", "symbol": "DOGE-USD"}, {"trade_id": 139228679, "side": "buy", "size": "5.60000000", "price": "0.19972000", "time": "2025-07-16T07:41:20.980200Z", "fetched_at": "2025-07-16T07:46:31.067268+00:00", "symbol": "DOGE-USD"}, {"trade_id": 139228678, "side": "sell", "size": "23.50000000", "price": "0.19973000", "time": "2025-07-16T07:41:19.791155Z", "fetched_at": "2025-07-16T07:46:31.067268+00:00", "symbol": "DOGE-USD"}, {"trade_id": 139228677, "side": "buy", "size": "5276.80000000", "price": "0.19974000", "time": "2025-07-16T07:41:16.552256Z", "fetched_at": "2025-07-16T07:46:31.067268+00:00", "symbol": "DOGE-USD"}, {"trade_id": 139228676, "side": "buy", "size": "5.60000000", "price": "0.19974000", "time": "2025-07-16T07:41:16.552256Z", "fetched_at": "2025-07-16T07:46:31.067268+00:00", "symbol": "DOGE-USD"}, {"trade_id": 139228675, "side": "buy", "size": "2000.00000000", "price": "0.19976000", "time": "2025-07-16T07:41:16.035671Z", "fetched_at": "2025-07-16T07:46:31.067268+00:00", "symbol": "DOGE-USD"}, {"trade_id": 139228674, "side": "buy", "size": "5.60000000", "price": "0.19976000", "time": "2025-07-16T07:41:16.035671Z", "fetched_at": "2025-07-16T07:46:31.067268+00:00", "symbol": "DOGE-USD"}, {"trade_id": 139228673, "side": "buy", "size": "496.90000000", "price": "0.19977000", "time": "2025-07-16T07:41:13.730312Z", "fetched_at": "2025-07-16T07:46:31.067268+00:00", "symbol": "DOGE-USD"}, {"trade_id": 139228672, "side": "sell", "size": "2500.00000000", "price": "0.19986000", "time": "2025-07-16T07:41:07.686838Z", "fetched_at": "2025-07-16T07:46:31.067268+00:00", "symbol": "DOGE-USD"}, {"trade_id": 139228671, "side": "sell", "size": "5.60000000", "price": "0.19986000", "time": "2025-07-16T07:41:07.686838Z", "fetched_at": "2025-07-16T07:46:31.067268+00:00", "symbol": "DOGE-USD"}, {"trade_id": 139228670, "side": "sell", "size": "1874.00000000", "price": "0.19985000", "time": "2025-07-16T07:41:07.685096Z", "fetched_at": "2025-07-16T07:46:31.067268+00:00", "symbol": "DOGE-USD"}, {"trade_id": 139228669, "side": "sell", "size": "5.60000000", "price": "0.19984000", "time": "2025-07-16T07:41:07.685077Z", "fetched_at": "2025-07-16T07:46:31.067268+00:00", "symbol": "DOGE-USD"}, {"trade_id": 139228668, "side": "sell", "size": "945.30000000", "price": "0.19983000", "time": "2025-07-16T07:41:07.685077Z", "fetched_at": "2025-07-16T07:46:31.067268+00:00", "symbol": "DOGE-USD"}, {"trade_id": 139228667, "side": "sell", "size": "5.10000000", "price": "0.19980000", "time": "2025-07-16T07:40:53.363186Z", "fetched_at": "2025-07-16T07:46:31.067268+00:00", "symbol": "DOGE-USD"}, {"trade_id": 139228666, "side": "sell", "size": "1189.90000000", "price": "0.19980000", "time": "2025-07-16T07:40:53.195984Z", "fetched_at": "2025-07-16T07:46:31.067268+00:00", "symbol": "DOGE-USD"}, {"trade_id": 139228665, "side": "sell", "size": "2980.90000000", "price": "0.19980000", "time": "2025-07-16T07:40:53.195984Z", "fetched_at": "2025-07-16T07:46:31.067268+00:00", "symbol": "DOGE-USD"}, {"trade_id": 139228664, "side": "sell", "size": "2288.50000000", "price": "0.19980000", "time": "2025-07-16T07:40:53.195984Z", "fetched_at": "2025-07-16T07:46:31.067268+00:00", "symbol": "DOGE-USD"}, {"trade_id": 139228663, "side": "sell", "size": "3187.50000000", "price": "0.19980000", "time": "2025-07-16T07:40:53.195984Z", "fetched_at": "2025-07-16T07:46:31.067268+00:00", "symbol": "DOGE-USD"}, {"trade_id": 139228662, "side": "sell", "size": "1874.00000000", "price": "0.19980000", "time": "2025-07-16T07:40:53.195984Z", "fetched_at": "2025-07-16T07:46:31.067268+00:00", "symbol": "DOGE-USD"}, {"trade_id": 139228661, "side": "sell", "size": "945.30000000", "price": "0.19978000", "time": "2025-07-16T07:40:53.195984Z", "fetched_at": "2025-07-16T07:46:31.067268+00:00", "symbol": "DOGE-USD"}, {"trade_id": 139228660, "side": "sell", "size": "21.30000000", "price": "0.19978000", "time": "2025-07-16T07:40:51.156761Z", "fetched_at": "2025-07-16T07:46:31.067268+00:00", "symbol": "DOGE-USD"}, {"trade_id": 139228659, "side": "sell", "size": "7.20000000", "price": "0.19975000", "time": "2025-07-16T07:40:51.156761Z", "fetched_at": "2025-07-16T07:46:31.067268+00:00", "symbol": "DOGE-USD"}, {"trade_id": 139228658, "side": "sell", "size": "1208.20000000", "price": "0.19977000", "time": "2025-07-16T07:40:47.652065Z", "fetched_at": "2025-07-16T07:46:31.067268+00:00", "symbol": "DOGE-USD"}, {"trade_id": 139228657, "side": "sell", "size": "1874.00000000", "price": "0.19977000", "time": "2025-07-16T07:40:47.652065Z", "fetched_at": "2025-07-16T07:46:31.067268+00:00", "symbol": "DOGE-USD"}, {"trade_id": 139228656, "side": "sell", "size": "700.00000000", "price": "0.19976000", "time": "2025-07-16T07:40:47.652065Z", "fetched_at": "2025-07-16T07:46:31.067268+00:00", "symbol": "DOGE-USD"}, {"trade_id": 139228655, "side": "sell", "size": "945.30000000", "price": "0.19975000", "time": "2025-07-16T07:40:47.652065Z", "fetched_at": "2025-07-16T07:46:31.067268+00:00", "symbol": "DOGE-USD"}, {"trade_id": 139228654, "side": "buy", "size": "5.60000000", "price": "0.19976000", "time": "2025-07-16T07:40:39.701486Z", "fetched_at": "2025-07-16T07:46:31.067268+00:00", "symbol": "DOGE-USD"}, {"trade_id": 139228653, "side": "buy", "size": "201.20000000", "price": "0.19976000", "time": "2025-07-16T07:40:39.701486Z", "fetched_at": "2025-07-16T07:46:31.067268+00:00", "symbol": "DOGE-USD"}, {"trade_id": 139228652, "side": "buy", "size": "5.60000000", "price": "0.19978000", "time": "2025-07-16T07:40:39.677532Z", "fetched_at": "2025-07-16T07:46:31.067268+00:00", "symbol": "DOGE-USD"}, {"trade_id": 139228651, "side": "buy", "size": "5.60000000", "price": "0.19980000", "time": "2025-07-16T07:40:39.390136Z", "fetched_at": "2025-07-16T07:46:31.067268+00:00", "symbol": "DOGE-USD"}, {"trade_id": 139228650, "side": "buy", "size": "62.80000000", "price": "0.19981000", "time": "2025-07-16T07:40:36.668570Z", "fetched_at": "2025-07-16T07:46:31.067268+00:00", "symbol": "DOGE-USD"}, {"trade_id": 139228649, "side": "buy", "size": "5.60000000", "price": "0.19984000", "time": "2025-07-16T07:40:35.450579Z", "fetched_at": "2025-07-16T07:46:31.067268+00:00", "symbol": "DOGE-USD"}, {"trade_id": 139228648, "side": "sell", "size": "38.90000000", "price": "0.19985000", "time": "2025-07-16T07:40:33.355776Z", "fetched_at": "2025-07-16T07:46:31.067268+00:00", "symbol": "DOGE-USD"}, {"trade_id": 139228647, "side": "sell", "size": "247.70000000", "price": "0.19985000", "time": "2025-07-16T07:40:25.826754Z", "fetched_at": "2025-07-16T07:46:31.067268+00:00", "symbol": "DOGE-USD"}, {"trade_id": 139228646, "side": "buy", "size": "17974.00000000", "price": "0.19988000", "time": "2025-07-16T07:40:25.284198Z", "fetched_at": "2025-07-16T07:46:31.067268+00:00", "symbol": "DOGE-USD"}, {"trade_id": 139228645, "side": "sell", "size": "5.60000000", "price": "0.19988000", "time": "2025-07-16T07:40:24.274465Z", "fetched_at": "2025-07-16T07:46:31.067268+00:00", "symbol": "DOGE-USD"}, {"trade_id": 139228644, "side": "sell", "size": "178.80000000", "price": "0.19988000", "time": "2025-07-16T07:40:24.274465Z", "fetched_at": "2025-07-16T07:46:31.067268+00:00", "symbol": "DOGE-USD"}, {"trade_id": 139228643, "side": "sell", "size": "72.90000000", "price": "0.19986000", "time": "2025-07-16T07:40:21.441551Z", "fetched_at": "2025-07-16T07:46:31.067268+00:00", "symbol": "DOGE-USD"}, {"trade_id": 139228642, "side": "buy", "size": "27.10000000", "price": "0.19985000", "time": "2025-07-16T07:40:20.734984Z", "fetched_at": "2025-07-16T07:46:31.067268+00:00", "symbol": "DOGE-USD"}, {"trade_id": 139228641, "side": "sell", "size": "3.60000000", "price": "0.19988000", "time": "2025-07-16T07:40:20.719828Z", "fetched_at": "2025-07-16T07:46:31.067268+00:00", "symbol": "DOGE-USD"}, {"trade_id": 139228640, "side": "sell", "size": "0.20000000", "price": "0.19988000", "time": "2025-07-16T07:40:20.719828Z", "fetched_at": "2025-07-16T07:46:31.067268+00:00", "symbol": "DOGE-USD"}, {"trade_id": 139228639, "side": "sell", "size": "700.00000000", "price": "0.19987000", "time": "2025-07-16T07:40:20.719828Z", "fetched_at": "2025-07-16T07:46:31.067268+00:00", "symbol": "DOGE-USD"}, {"trade_id": 139228638, "side": "sell", "size": "152.40000000", "price": "0.19987000", "time": "2025-07-16T07:40:20.719828Z", "fetched_at": "2025-07-16T07:46:31.067268+00:00", "symbol": "DOGE-USD"}, {"trade_id": 139228637, "side": "sell", "size": "827.30000000", "price": "0.19986000", "time": "2025-07-16T07:40:20.719828Z", "fetched_at": "2025-07-16T07:46:31.067268+00:00", "symbol": "DOGE-USD"}, {"trade_id": 139228636, "side": "sell", "size": "5.60000000", "price": "0.19986000", "time": "2025-07-16T07:40:20.719828Z", "fetched_at": "2025-07-16T07:46:31.067268+00:00", "symbol": "DOGE-USD"}, {"trade_id": 139228635, "side": "sell", "size": "17.40000000", "price": "0.19986000", "time": "2025-07-16T07:40:20.719828Z", "fetched_at": "2025-07-16T07:46:31.067268+00:00", "symbol": "DOGE-USD"}, {"trade_id": 139228634, "side": "sell", "size": "501.00000000", "price": "0.19986000", "time": "2025-07-16T07:40:20.719828Z", "fetched_at": "2025-07-16T07:46:31.067268+00:00", "symbol": "DOGE-USD"}, {"trade_id": 139228633, "side": "sell", "size": "57.30000000", "price": "0.19985000", "time": "2025-07-16T07:40:20.719828Z", "fetched_at": "2025-07-16T07:46:31.067268+00:00", "symbol": "DOGE-USD"}, {"trade_id": 139228632, "side": "sell", "size": "25.00000000", "price": "0.19985000", "time": "2025-07-16T07:40:20.719828Z", "fetched_at": "2025-07-16T07:46:31.067268+00:00", "symbol": "DOGE-USD"}, {"trade_id": 139228631, "side": "sell", "size": "44.90000000", "price": "0.19985000", "time": "2025-07-16T07:40:20.719828Z", "fetched_at": "2025-07-16T07:46:31.067268+00:00", "symbol": "DOGE-USD"}, {"trade_id": 139228630, "side": "sell", "size": "96.80000000", "price": "0.19985000", "time": "2025-07-16T07:40:20.719828Z", "fetched_at": "2025-07-16T07:46:31.067268+00:00", "symbol": "DOGE-USD"}, {"trade_id": 139228629, "side": "sell", "size": "0.10000000", "price": "0.19984000", "time": "2025-07-16T07:40:20.719828Z", "fetched_at": "2025-07-16T07:46:31.067268+00:00", "symbol": "DOGE-USD"}, {"trade_id": 139228628, "side": "sell", "size": "5.50000000", "price": "0.19984000", "time": "2025-07-16T07:40:19.754402Z", "fetched_at": "2025-07-16T07:46:31.067268+00:00", "symbol": "DOGE-USD"}, {"trade_id": 139228627, "side": "sell", "size": "142.10000000", "price": "0.19984000", "time": "2025-07-16T07:40:19.754402Z", "fetched_at": "2025-07-16T07:46:31.067268+00:00", "symbol": "DOGE-USD"}, {"trade_id": 139228626, "side": "sell", "size": "19.40000000", "price": "0.19984000", "time": "2025-07-16T07:40:19.754402Z", "fetched_at": "2025-07-16T07:46:31.067268+00:00", "symbol": "DOGE-USD"}, {"trade_id": 139228625, "side": "sell", "size": "72.50000000", "price": "0.19983000", "time": "2025-07-16T07:40:19.754402Z", "fetched_at": "2025-07-16T07:46:31.067268+00:00", "symbol": "DOGE-USD"}, {"trade_id": 139228624, "side": "sell", "size": "387.00000000", "price": "0.19983000", "time": "2025-07-16T07:40:19.754402Z", "fetched_at": "2025-07-16T07:46:31.067268+00:00", "symbol": "DOGE-USD"}, {"trade_id": 139228623, "side": "buy", "size": "299.30000000", "price": "0.19980000", "time": "2025-07-16T07:40:12.570241Z", "fetched_at": "2025-07-16T07:46:31.067268+00:00", "symbol": "DOGE-USD"}, {"trade_id": 139228622, "side": "buy", "size": "700.00000000", "price": "0.19980000", "time": "2025-07-16T07:40:12.570241Z", "fetched_at": "2025-07-16T07:46:31.067268+00:00", "symbol": "DOGE-USD"}, {"trade_id": 139228621, "side": "sell", "size": "5.60000000", "price": "0.19982000", "time": "2025-07-16T07:40:11.449215Z", "fetched_at": "2025-07-16T07:46:31.067268+00:00", "symbol": "DOGE-USD"}, {"trade_id": 139228620, "side": "sell", "size": "192.40000000", "price": "0.19982000", "time": "2025-07-16T07:40:11.449215Z", "fetched_at": "2025-07-16T07:46:31.067268+00:00", "symbol": "DOGE-USD"}, {"trade_id": 139228619, "side": "sell", "size": "464.50000000", "price": "0.19981000", "time": "2025-07-16T07:40:11.443304Z", "fetched_at": "2025-07-16T07:46:31.067268+00:00", "symbol": "DOGE-USD"}, {"trade_id": 139228618, "side": "sell", "size": "38.20000000", "price": "0.19981000", "time": "2025-07-16T07:40:09.686104Z", "fetched_at": "2025-07-16T07:46:31.067268+00:00", "symbol": "DOGE-USD"}, {"trade_id": 139228617, "side": "sell", "size": "0.30000000", "price": "0.19981000", "time": "2025-07-16T07:40:09.686104Z", "fetched_at": "2025-07-16T07:46:31.067268+00:00", "symbol": "DOGE-USD"}, {"trade_id": 139228616, "side": "sell", "size": "0.10000000", "price": "0.19980000", "time": "2025-07-16T07:40:05.076897Z", "fetched_at": "2025-07-16T07:46:31.067268+00:00", "symbol": "DOGE-USD"}, {"trade_id": 139228615, "side": "sell", "size": "107.10000000", "price": "0.19980000", "time": "2025-07-16T07:40:04.173619Z", "fetched_at": "2025-07-16T07:46:31.067268+00:00", "symbol": "DOGE-USD"}, {"trade_id": 139228614, "side": "sell", "size": "5.60000000", "price": "0.19980000", "time": "2025-07-16T07:40:04.173619Z", "fetched_at": "2025-07-16T07:46:31.067268+00:00", "symbol": "DOGE-USD"}, {"trade_id": 139228613, "side": "sell", "size": "43.00000000", "price": "0.19980000", "time": "2025-07-16T07:40:04.173619Z", "fetched_at": "2025-07-16T07:46:31.067268+00:00", "symbol": "DOGE-USD"}, {"trade_id": 139228612, "side": "sell", "size": "1357.90000000", "price": "0.19980000", "time": "2025-07-16T07:40:04.173619Z", "fetched_at": "2025-07-16T07:46:31.067268+00:00", "symbol": "DOGE-USD"}, {"trade_id": 139228611, "side": "sell", "size": "99.80000000", "price": "0.19980000", "time": "2025-07-16T07:40:03.201471Z", "fetched_at": "2025-07-16T07:46:31.067268+00:00", "symbol": "DOGE-USD"}, {"trade_id": 139228610, "side": "sell", "size": "157.20000000", "price": "0.19979000", "time": "2025-07-16T07:40:00.334523Z", "fetched_at": "2025-07-16T07:46:31.067268+00:00", "symbol": "DOGE-USD"}, {"trade_id": 139228609, "side": "sell", "size": "107.50000000", "price": "0.19979000", "time": "2025-07-16T07:40:00.334523Z", "fetched_at": "2025-07-16T07:46:31.067268+00:00", "symbol": "DOGE-USD"}, {"trade_id": 139228608, "side": "sell", "size": "27.10000000", "price": "0.19979000", "time": "2025-07-16T07:40:00.334523Z", "fetched_at": "2025-07-16T07:46:31.067268+00:00", "symbol": "DOGE-USD"}, {"trade_id": 139228607, "side": "buy", "size": "126.20000000", "price": "0.19978000", "time": "2025-07-16T07:39:50.105015Z", "fetched_at": "2025-07-16T07:46:31.067268+00:00", "symbol": "DOGE-USD"}, {"trade_id": 139228606, "side": "sell", "size": "125.40000000", "price": "0.19978000", "time": "2025-07-16T07:39:47.814772Z", "fetched_at": "2025-07-16T07:46:31.067268+00:00", "symbol": "DOGE-USD"}, {"trade_id": 139228605, "side": "buy", "size": "625.80000000", "price": "0.19977000", "time": "2025-07-16T07:39:45.524011Z", "fetched_at": "2025-07-16T07:46:31.067268+00:00", "symbol": "DOGE-USD"}, {"trade_id": 139228604, "side": "buy", "size": "100.50000000", "price": "0.19978000", "time": "2025-07-16T07:39:41.438043Z", "fetched_at": "2025-07-16T07:46:31.067268+00:00", "symbol": "DOGE-USD"}, {"trade_id": 139228603, "side": "sell", "size": "5.60000000", "price": "0.19978000", "time": "2025-07-16T07:39:39.663778Z", "fetched_at": "2025-07-16T07:46:31.067268+00:00", "symbol": "DOGE-USD"}, {"trade_id": 139228602, "side": "sell", "size": "5.60000000", "price": "0.19976000", "time": "2025-07-16T07:39:39.564898Z", "fetched_at": "2025-07-16T07:46:31.067268+00:00", "symbol": "DOGE-USD"}, {"trade_id": 139228601, "side": "sell", "size": "161.80000000", "price": "0.19976000", "time": "2025-07-16T07:39:31.636420Z", "fetched_at": "2025-07-16T07:46:31.067268+00:00", "symbol": "DOGE-USD"}, {"trade_id": 139228600, "side": "sell", "size": "945.30000000", "price": "0.19970000", "time": "2025-07-16T07:39:31.313090Z", "fetched_at": "2025-07-16T07:46:31.067268+00:00", "symbol": "DOGE-USD"}, {"trade_id": 139228599, "side": "sell", "size": "30.90000000", "price": "0.19968000", "time": "2025-07-16T07:39:29.060507Z", "fetched_at": "2025-07-16T07:46:31.067268+00:00", "symbol": "DOGE-USD"}, {"trade_id": 139228598, "side": "sell", "size": "10.00000000", "price": "0.19968000", "time": "2025-07-16T07:39:29.008808Z", "fetched_at": "2025-07-16T07:46:31.067268+00:00", "symbol": "DOGE-USD"}, {"trade_id": 139228597, "side": "buy", "size": "2635.50000000", "price": "0.19971000", "time": "2025-07-16T07:39:28.254369Z", "fetched_at": "2025-07-16T07:46:31.067268+00:00", "symbol": "DOGE-USD"}, {"trade_id": 139228596, "side": "buy", "size": "694.30000000", "price": "0.19971000", "time": "2025-07-16T07:39:28.254369Z", "fetched_at": "2025-07-16T07:46:31.067268+00:00", "symbol": "DOGE-USD"}, {"trade_id": 139228595, "side": "buy", "size": "678.30000000", "price": "0.19974000", "time": "2025-07-16T07:39:28.244051Z", "fetched_at": "2025-07-16T07:46:31.067268+00:00", "symbol": "DOGE-USD"}, {"trade_id": 139228594, "side": "buy", "size": "133.00000000", "price": "0.19974000", "time": "2025-07-16T07:39:28.243712Z", "fetched_at": "2025-07-16T07:46:31.067268+00:00", "symbol": "DOGE-USD"}, {"trade_id": 139228593, "side": "sell", "size": "4007.70000000", "price": "0.19969000", "time": "2025-07-16T07:39:28.228453Z", "fetched_at": "2025-07-16T07:46:31.067268+00:00", "symbol": "DOGE-USD"}, {"trade_id": 139228592, "side": "sell", "size": "7158.80000000", "price": "0.19977000", "time": "2025-07-16T07:39:28.227978Z", "fetched_at": "2025-07-16T07:46:31.067268+00:00", "symbol": "DOGE-USD"}, {"trade_id": 139228591, "side": "sell", "size": "10000.00000000", "price": "0.19977000", "time": "2025-07-16T07:39:28.227978Z", "fetched_at": "2025-07-16T07:46:31.067268+00:00", "symbol": "DOGE-USD"}, {"trade_id": 139228590, "side": "sell", "size": "3776.00000000", "price": "0.19977000", "time": "2025-07-16T07:39:28.227978Z", "fetched_at": "2025-07-16T07:46:31.067268+00:00", "symbol": "DOGE-USD"}, {"trade_id": 139228589, "side": "sell", "size": "5496.70000000", "price": "0.19977000", "time": "2025-07-16T07:39:28.227978Z", "fetched_at": "2025-07-16T07:46:31.067268+00:00", "symbol": "DOGE-USD"}, {"trade_id": 139228588, "side": "sell", "size": "5792.10000000", "price": "0.19977000", "time": "2025-07-16T07:39:28.227978Z", "fetched_at": "2025-07-16T07:46:31.067268+00:00", "symbol": "DOGE-USD"}, {"trade_id": 139228587, "side": "sell", "size": "1874.00000000", "price": "0.19977000", "time": "2025-07-16T07:39:28.227978Z", "fetched_at": "2025-07-16T07:46:31.067268+00:00", "symbol": "DOGE-USD"}, {"trade_id": 139228586, "side": "sell", "size": "5344.50000000", "price": "0.19977000", "time": "2025-07-16T07:39:28.227978Z", "fetched_at": "2025-07-16T07:46:31.067268+00:00", "symbol": "DOGE-USD"}, {"trade_id": 139228585, "side": "sell", "size": "6.80000000", "price": "0.19977000", "time": "2025-07-16T07:39:28.227978Z", "fetched_at": "2025-07-16T07:46:31.067268+00:00", "symbol": "DOGE-USD"}, {"trade_id": 139228584, "side": "sell", "size": "5820.50000000", "price": "0.19976000", "time": "2025-07-16T07:39:28.227733Z", "fetched_at": "2025-07-16T07:46:31.067268+00:00", "symbol": "DOGE-USD"}, {"trade_id": 139228583, "side": "sell", "size": "2000.00000000", "price": "0.19976000", "time": "2025-07-16T07:39:28.227733Z", "fetched_at": "2025-07-16T07:46:31.067268+00:00", "symbol": "DOGE-USD"}, {"trade_id": 139228582, "side": "sell", "size": "5178.20000000", "price": "0.19976000", "time": "2025-07-16T07:39:28.227733Z", "fetched_at": "2025-07-16T07:46:31.067268+00:00", "symbol": "DOGE-USD"}, {"trade_id": 139228581, "side": "sell", "size": "1874.00000000", "price": "0.19976000", "time": "2025-07-16T07:39:28.227733Z", "fetched_at": "2025-07-16T07:46:31.067268+00:00", "symbol": "DOGE-USD"}, {"trade_id": 139228580, "side": "sell", "size": "5000.00000000", "price": "0.19976000", "time": "2025-07-16T07:39:28.227733Z", "fetched_at": "2025-07-16T07:46:31.067268+00:00", "symbol": "DOGE-USD"}, {"trade_id": 139228579, "side": "sell", "size": "5.60000000", "price": "0.19976000", "time": "2025-07-16T07:39:28.227733Z", "fetched_at": "2025-07-16T07:46:31.067268+00:00", "symbol": "DOGE-USD"}, {"trade_id": 139228578, "side": "sell", "size": "1593.00000000", "price": "0.19976000", "time": "2025-07-16T07:39:28.227733Z", "fetched_at": "2025-07-16T07:46:31.067268+00:00", "symbol": "DOGE-USD"}, {"trade_id": 139228577, "side": "sell", "size": "191.70000000", "price": "0.19976000", "time": "2025-07-16T07:39:28.227733Z", "fetched_at": "2025-07-16T07:46:31.067268+00:00", "symbol": "DOGE-USD"}, {"trade_id": 139228576, "side": "sell", "size": "2250.00000000", "price": "0.19975000", "time": "2025-07-16T07:39:28.227733Z", "fetched_at": "2025-07-16T07:46:31.067268+00:00", "symbol": "DOGE-USD"}, {"trade_id": 139228575, "side": "sell", "size": "4964.30000000", "price": "0.19975000", "time": "2025-07-16T07:39:28.227733Z", "fetched_at": "2025-07-16T07:46:31.067268+00:00", "symbol": "DOGE-USD"}, {"trade_id": 139228574, "side": "sell", "size": "1874.00000000", "price": "0.19975000", "time": "2025-07-16T07:39:28.227733Z", "fetched_at": "2025-07-16T07:46:31.067268+00:00", "symbol": "DOGE-USD"}, {"trade_id": 139228573, "side": "sell", "size": "2963.50000000", "price": "0.19975000", "time": "2025-07-16T07:39:28.227733Z", "fetched_at": "2025-07-16T07:46:31.067268+00:00", "symbol": "DOGE-USD"}, {"trade_id": 139228572, "side": "sell", "size": "8771.10000000", "price": "0.19974000", "time": "2025-07-16T07:39:28.227733Z", "fetched_at": "2025-07-16T07:46:31.067268+00:00", "symbol": "DOGE-USD"}, {"trade_id": 139228571, "side": "sell", "size": "3688.90000000", "price": "0.19974000", "time": "2025-07-16T07:39:28.227733Z", "fetched_at": "2025-07-16T07:46:31.067268+00:00", "symbol": "DOGE-USD"}, {"trade_id": 139228570, "side": "sell", "size": "1874.00000000", "price": "0.19974000", "time": "2025-07-16T07:39:28.227733Z", "fetched_at": "2025-07-16T07:46:31.067268+00:00", "symbol": "DOGE-USD"}, {"trade_id": 139228569, "side": "sell", "size": "5.60000000", "price": "0.19974000", "time": "2025-07-16T07:39:28.227733Z", "fetched_at": "2025-07-16T07:46:31.067268+00:00", "symbol": "DOGE-USD"}, {"trade_id": 139228568, "side": "sell", "size": "1593.00000000", "price": "0.19974000", "time": "2025-07-16T07:39:28.227733Z", "fetched_at": "2025-07-16T07:46:31.067268+00:00", "symbol": "DOGE-USD"}, {"trade_id": 139228567, "side": "sell", "size": "6237.60000000", "price": "0.19972000", "time": "2025-07-16T07:39:28.226341Z", "fetched_at": "2025-07-16T07:46:31.067268+00:00", "symbol": "DOGE-USD"}, {"trade_id": 139228566, "side": "sell", "size": "1874.00000000", "price": "0.19972000", "time": "2025-07-16T07:39:28.226341Z", "fetched_at": "2025-07-16T07:46:31.067268+00:00", "symbol": "DOGE-USD"}, {"trade_id": 139228565, "side": "sell", "size": "5.60000000", "price": "0.19972000", "time": "2025-07-16T07:39:28.226341Z", "fetched_at": "2025-07-16T07:46:31.067268+00:00", "symbol": "DOGE-USD"}, {"trade_id": 139228564, "side": "sell", "size": "1593.00000000", "price": "0.19972000", "time": "2025-07-16T07:39:28.226341Z", "fetched_at": "2025-07-16T07:46:31.067268+00:00", "symbol": "DOGE-USD"}, {"trade_id": 139228563, "side": "sell", "size": "18001.20000000", "price": "0.19971000", "time": "2025-07-16T07:39:28.225403Z", "fetched_at": "2025-07-16T07:46:31.067268+00:00", "symbol": "DOGE-USD"}, {"trade_id": 139228562, "side": "sell", "size": "1372.10000000", "price": "0.19971000", "time": "2025-07-16T07:39:28.225403Z", "fetched_at": "2025-07-16T07:46:31.067268+00:00", "symbol": "DOGE-USD"}, {"trade_id": 139228561, "side": "sell", "size": "1874.00000000", "price": "0.19971000", "time": "2025-07-16T07:39:28.225403Z", "fetched_at": "2025-07-16T07:46:31.067268+00:00", "symbol": "DOGE-USD"}, {"trade_id": 139228560, "side": "sell", "size": "1144.50000000", "price": "0.19970000", "time": "2025-07-16T07:39:28.225132Z", "fetched_at": "2025-07-16T07:46:31.067268+00:00", "symbol": "DOGE-USD"}, {"trade_id": 139228559, "side": "sell", "size": "368.90000000", "price": "0.19970000", "time": "2025-07-16T07:39:28.225132Z", "fetched_at": "2025-07-16T07:46:31.067268+00:00", "symbol": "DOGE-USD"}, {"trade_id": 139228558, "side": "sell", "size": "2500.00000000", "price": "0.19970000", "time": "2025-07-16T07:39:28.225132Z", "fetched_at": "2025-07-16T07:46:31.067268+00:00", "symbol": "DOGE-USD"}, {"trade_id": 139228557, "side": "sell", "size": "14858.30000000", "price": "0.19970000", "time": "2025-07-16T07:39:28.225132Z", "fetched_at": "2025-07-16T07:46:31.067268+00:00", "symbol": "DOGE-USD"}, {"trade_id": 139228556, "side": "sell", "size": "1874.00000000", "price": "0.19970000", "time": "2025-07-16T07:39:28.225132Z", "fetched_at": "2025-07-16T07:46:31.067268+00:00", "symbol": "DOGE-USD"}, {"trade_id": 139228555, "side": "sell", "size": "1994.50000000", "price": "0.19970000", "time": "2025-07-16T07:39:28.225132Z", "fetched_at": "2025-07-16T07:46:31.067268+00:00", "symbol": "DOGE-USD"}, {"trade_id": 139228554, "side": "sell", "size": "5.60000000", "price": "0.19970000", "time": "2025-07-16T07:39:28.225132Z", "fetched_at": "2025-07-16T07:46:31.067268+00:00", "symbol": "DOGE-USD"}, {"trade_id": 139228553, "side": "sell", "size": "117.40000000", "price": "0.19970000", "time": "2025-07-16T07:39:28.225132Z", "fetched_at": "2025-07-16T07:46:31.067268+00:00", "symbol": "DOGE-USD"}, {"trade_id": 139228552, "side": "sell", "size": "1593.00000000", "price": "0.19970000", "time": "2025-07-16T07:39:28.225132Z", "fetched_at": "2025-07-16T07:46:31.067268+00:00", "symbol": "DOGE-USD"}, {"trade_id": 139228551, "side": "sell", "size": "0.20000000", "price": "0.19970000", "time": "2025-07-16T07:39:28.225132Z", "fetched_at": "2025-07-16T07:46:31.067268+00:00", "symbol": "DOGE-USD"}, {"trade_id": 139228550, "side": "sell", "size": "137.60000000", "price": "0.19969000", "time": "2025-07-16T07:39:28.225132Z", "fetched_at": "2025-07-16T07:46:31.067268+00:00", "symbol": "DOGE-USD"}, {"trade_id": 139228549, "side": "sell", "size": "0.10000000", "price": "0.19969000", "time": "2025-07-16T07:39:28.225132Z", "fetched_at": "2025-07-16T07:46:31.067268+00:00", "symbol": "DOGE-USD"}, {"trade_id": 139228548, "side": "sell", "size": "5.60000000", "price": "0.19968000", "time": "2025-07-16T07:39:28.224546Z", "fetched_at": "2025-07-16T07:46:31.067268+00:00", "symbol": "DOGE-USD"}, {"trade_id": 139228547, "side": "sell", "size": "207.40000000", "price": "0.19968000", "time": "2025-07-16T07:39:28.224546Z", "fetched_at": "2025-07-16T07:46:31.067268+00:00", "symbol": "DOGE-USD"}, {"trade_id": 139228546, "side": "sell", "size": "47.30000000", "price": "0.19967000", "time": "2025-07-16T07:39:28.224546Z", "fetched_at": "2025-07-16T07:46:31.067268+00:00", "symbol": "DOGE-USD"}, {"trade_id": 139228545, "side": "sell", "size": "5.60000000", "price": "0.19966000", "time": "2025-07-16T07:39:27.195150Z", "fetched_at": "2025-07-16T07:46:31.067268+00:00", "symbol": "DOGE-USD"}, {"trade_id": 139228544, "side": "sell", "size": "177.70000000", "price": "0.19966000", "time": "2025-07-16T07:39:27.195150Z", "fetched_at": "2025-07-16T07:46:31.067268+00:00", "symbol": "DOGE-USD"}, {"trade_id": 139228543, "side": "sell", "size": "0.10000000", "price": "0.19965000", "time": "2025-07-16T07:39:27.192052Z", "fetched_at": "2025-07-16T07:46:31.067268+00:00", "symbol": "DOGE-USD"}, {"trade_id": 139228542, "side": "sell", "size": "187.50000000", "price": "0.19965000", "time": "2025-07-16T07:39:23.435643Z", "fetched_at": "2025-07-16T07:46:31.067268+00:00", "symbol": "DOGE-USD"}, {"trade_id": 139228541, "side": "sell", "size": "5.60000000", "price": "0.19964000", "time": "2025-07-16T07:39:23.369267Z", "fetched_at": "2025-07-16T07:46:31.067268+00:00", "symbol": "DOGE-USD"}, {"trade_id": 139228540, "side": "sell", "size": "3.10000000", "price": "0.19964000", "time": "2025-07-16T07:39:23.369267Z", "fetched_at": "2025-07-16T07:46:31.067268+00:00", "symbol": "DOGE-USD"}, {"trade_id": 139228539, "side": "sell", "size": "19.00000000", "price": "0.19964000", "time": "2025-07-16T07:39:21.162106Z", "fetched_at": "2025-07-16T07:46:31.067268+00:00", "symbol": "DOGE-USD"}, {"trade_id": 139228538, "side": "sell", "size": "0.30000000", "price": "0.19964000", "time": "2025-07-16T07:39:21.162106Z", "fetched_at": "2025-07-16T07:46:31.067268+00:00", "symbol": "DOGE-USD"}, {"trade_id": 139228537, "side": "sell", "size": "8.80000000", "price": "0.19964000", "time": "2025-07-16T07:39:21.162106Z", "fetched_at": "2025-07-16T07:46:31.067268+00:00", "symbol": "DOGE-USD"}, {"trade_id": 139228536, "side": "sell", "size": "107.30000000", "price": "0.19963000", "time": "2025-07-16T07:39:21.162106Z", "fetched_at": "2025-07-16T07:46:31.067268+00:00", "symbol": "DOGE-USD"}, {"trade_id": 139228535, "side": "sell", "size": "0.10000000", "price": "0.19963000", "time": "2025-07-16T07:39:21.162106Z", "fetched_at": "2025-07-16T07:46:31.067268+00:00", "symbol": "DOGE-USD"}, {"trade_id": 139228534, "side": "sell", "size": "5.60000000", "price": "0.19962000", "time": "2025-07-16T07:39:21.162106Z", "fetched_at": "2025-07-16T07:46:31.067268+00:00", "symbol": "DOGE-USD"}, {"trade_id": 139228533, "side": "sell", "size": "102.40000000", "price": "0.19962000", "time": "2025-07-16T07:39:21.162106Z", "fetched_at": "2025-07-16T07:46:31.067268+00:00", "symbol": "DOGE-USD"}, {"trade_id": 139228532, "side": "sell", "size": "152.50000000", "price": "0.19961000", "time": "2025-07-16T07:39:20.975539Z", "fetched_at": "2025-07-16T07:46:31.067268+00:00", "symbol": "DOGE-USD"}, {"trade_id": 139228531, "side": "sell", "size": "5.60000000", "price": "0.19960000", "time": "2025-07-16T07:39:20.922462Z", "fetched_at": "2025-07-16T07:46:31.067268+00:00", "symbol": "DOGE-USD"}, {"trade_id": 139228530, "side": "sell", "size": "25.00000000", "price": "0.19960000", "time": "2025-07-16T07:39:20.922462Z", "fetched_at": "2025-07-16T07:46:31.067268+00:00", "symbol": "DOGE-USD"}, {"trade_id": 139228529, "side": "sell", "size": "5.60000000", "price": "0.19958000", "time": "2025-07-16T07:39:11.877090Z", "fetched_at": "2025-07-16T07:46:31.067268+00:00", "symbol": "DOGE-USD"}, {"trade_id": 139228528, "side": "buy", "size": "1.50000000", "price": "0.19954000", "time": "2025-07-16T07:39:07.665310Z", "fetched_at": "2025-07-16T07:46:31.067268+00:00", "symbol": "DOGE-USD"}, {"trade_id": 139228527, "side": "sell", "size": "554.70000000", "price": "0.19955000", "time": "2025-07-16T07:39:07.077007Z", "fetched_at": "2025-07-16T07:46:31.067268+00:00", "symbol": "DOGE-USD"}, {"trade_id": 139228526, "side": "sell", "size": "945.30000000", "price": "0.19954000", "time": "2025-07-16T07:39:07.077007Z", "fetched_at": "2025-07-16T07:46:31.067268+00:00", "symbol": "DOGE-USD"}, {"trade_id": 139228525, "side": "sell", "size": "28.50000000", "price": "0.19953000", "time": "2025-07-16T07:39:03.576392Z", "fetched_at": "2025-07-16T07:46:31.067268+00:00", "symbol": "DOGE-USD"}, {"trade_id": 139228524, "side": "sell", "size": "14.90000000", "price": "0.19953000", "time": "2025-07-16T07:39:02.758721Z", "fetched_at": "2025-07-16T07:46:31.067268+00:00", "symbol": "DOGE-USD"}, {"trade_id": 139228523, "side": "sell", "size": "496.00000000", "price": "0.19953000", "time": "2025-07-16T07:39:00.373927Z", "fetched_at": "2025-07-16T07:46:31.067268+00:00", "symbol": "DOGE-USD"}, {"trade_id": 139228522, "side": "sell", "size": "823.60000000", "price": "0.19956000", "time": "2025-07-16T07:38:57.183755Z", "fetched_at": "2025-07-16T07:46:31.067268+00:00", "symbol": "DOGE-USD"}, {"trade_id": 139228521, "side": "sell", "size": "1874.00000000", "price": "0.19956000", "time": "2025-07-16T07:38:57.183755Z", "fetched_at": "2025-07-16T07:46:31.067268+00:00", "symbol": "DOGE-USD"}, {"trade_id": 139228520, "side": "sell", "size": "1357.10000000", "price": "0.19956000", "time": "2025-07-16T07:38:57.183755Z", "fetched_at": "2025-07-16T07:46:31.067268+00:00", "symbol": "DOGE-USD"}, {"trade_id": 139228519, "side": "sell", "size": "945.30000000", "price": "0.19954000", "time": "2025-07-16T07:38:57.183755Z", "fetched_at": "2025-07-16T07:46:31.067268+00:00", "symbol": "DOGE-USD"}, {"trade_id": 139228518, "side": "sell", "size": "118.80000000", "price": "0.19958000", "time": "2025-07-16T07:38:44.573491Z", "fetched_at": "2025-07-16T07:46:31.067268+00:00", "symbol": "DOGE-USD"}, {"trade_id": 139228517, "side": "buy", "size": "1225.80000000", "price": "0.19957000", "time": "2025-07-16T07:38:43.307129Z", "fetched_at": "2025-07-16T07:46:31.067268+00:00", "symbol": "DOGE-USD"}, {"trade_id": 139228516, "side": "sell", "size": "1437.10000000", "price": "0.19958000", "time": "2025-07-16T07:38:41.081220Z", "fetched_at": "2025-07-16T07:46:31.067268+00:00", "symbol": "DOGE-USD"}, {"trade_id": 139228515, "side": "sell", "size": "1874.00000000", "price": "0.19959000", "time": "2025-07-16T07:38:37.911529Z", "fetched_at": "2025-07-16T07:46:31.067268+00:00", "symbol": "DOGE-USD"}, {"trade_id": 139228514, "side": "sell", "size": "4009.60000000", "price": "0.19958000", "time": "2025-07-16T07:38:37.911529Z", "fetched_at": "2025-07-16T07:46:31.067268+00:00", "symbol": "DOGE-USD"}, {"trade_id": 139228513, "side": "sell", "size": "5.60000000", "price": "0.19958000", "time": "2025-07-16T07:38:37.911529Z", "fetched_at": "2025-07-16T07:46:31.067268+00:00", "symbol": "DOGE-USD"}, {"trade_id": 139228512, "side": "sell", "size": "5.60000000", "price": "0.19956000", "time": "2025-07-16T07:38:37.905709Z", "fetched_at": "2025-07-16T07:46:31.067268+00:00", "symbol": "DOGE-USD"}, {"trade_id": 139228511, "side": "sell", "size": "945.30000000", "price": "0.19952000", "time": "2025-07-16T07:38:36.822564Z", "fetched_at": "2025-07-16T07:46:31.067268+00:00", "symbol": "DOGE-USD"}, {"trade_id": 139228510, "side": "buy", "size": "25.30000000", "price": "0.19954000", "time": "2025-07-16T07:38:35.337662Z", "fetched_at": "2025-07-16T07:46:31.067268+00:00", "symbol": "DOGE-USD"}