[{"trade_id": 139203654, "side": "sell", "size": "242.10000000", "price": "0.20074000", "time": "2025-07-16T01:39:25.621855Z", "fetched_at": "2025-07-16T01:39:33.744637+00:00", "symbol": "DOGE-USD"}, {"trade_id": 139203653, "side": "sell", "size": "5.50000000", "price": "0.20076000", "time": "2025-07-16T01:39:22.039836Z", "fetched_at": "2025-07-16T01:39:33.744637+00:00", "symbol": "DOGE-USD"}, {"trade_id": 139203652, "side": "sell", "size": "136.60000000", "price": "0.20075000", "time": "2025-07-16T01:39:21.614852Z", "fetched_at": "2025-07-16T01:39:33.744637+00:00", "symbol": "DOGE-USD"}, {"trade_id": 139203651, "side": "sell", "size": "25.10000000", "price": "0.20074000", "time": "2025-07-16T01:39:21.558878Z", "fetched_at": "2025-07-16T01:39:33.744637+00:00", "symbol": "DOGE-USD"}, {"trade_id": 139203650, "side": "sell", "size": "5.50000000", "price": "0.20074000", "time": "2025-07-16T01:39:21.558878Z", "fetched_at": "2025-07-16T01:39:33.744637+00:00", "symbol": "DOGE-USD"}, {"trade_id": 139203649, "side": "sell", "size": "186.60000000", "price": "0.20074000", "time": "2025-07-16T01:39:21.558878Z", "fetched_at": "2025-07-16T01:39:33.744637+00:00", "symbol": "DOGE-USD"}, {"trade_id": 139203648, "side": "sell", "size": "15.60000000", "price": "0.20073000", "time": "2025-07-16T01:39:16.083554Z", "fetched_at": "2025-07-16T01:39:33.744637+00:00", "symbol": "DOGE-USD"}, {"trade_id": 139203647, "side": "sell", "size": "17.10000000", "price": "0.20073000", "time": "2025-07-16T01:39:16.083554Z", "fetched_at": "2025-07-16T01:39:33.744637+00:00", "symbol": "DOGE-USD"}, {"trade_id": 139203646, "side": "sell", "size": "40.00000000", "price": "0.20069000", "time": "2025-07-16T01:39:14.923494Z", "fetched_at": "2025-07-16T01:39:33.744637+00:00", "symbol": "DOGE-USD"}, {"trade_id": 139203645, "side": "sell", "size": "1772.80000000", "price": "0.20072000", "time": "2025-07-16T01:39:13.871817Z", "fetched_at": "2025-07-16T01:39:33.744637+00:00", "symbol": "DOGE-USD"}, {"trade_id": 139203644, "side": "sell", "size": "5.50000000", "price": "0.20072000", "time": "2025-07-16T01:39:13.871817Z", "fetched_at": "2025-07-16T01:39:33.744637+00:00", "symbol": "DOGE-USD"}, {"trade_id": 139203643, "side": "sell", "size": "101.80000000", "price": "0.20072000", "time": "2025-07-16T01:39:13.871817Z", "fetched_at": "2025-07-16T01:39:33.744637+00:00", "symbol": "DOGE-USD"}, {"trade_id": 139203642, "side": "sell", "size": "55.90000000", "price": "0.20071000", "time": "2025-07-16T01:39:13.871817Z", "fetched_at": "2025-07-16T01:39:33.744637+00:00", "symbol": "DOGE-USD"}, {"trade_id": 139203641, "side": "sell", "size": "500.00000000", "price": "0.20071000", "time": "2025-07-16T01:39:13.871817Z", "fetched_at": "2025-07-16T01:39:33.744637+00:00", "symbol": "DOGE-USD"}, {"trade_id": 139203640, "side": "sell", "size": "111.60000000", "price": "0.20071000", "time": "2025-07-16T01:39:13.871817Z", "fetched_at": "2025-07-16T01:39:33.744637+00:00", "symbol": "DOGE-USD"}, {"trade_id": 139203639, "side": "sell", "size": "871.60000000", "price": "0.20070000", "time": "2025-07-16T01:39:13.871817Z", "fetched_at": "2025-07-16T01:39:33.744637+00:00", "symbol": "DOGE-USD"}, {"trade_id": 139203638, "side": "sell", "size": "5.50000000", "price": "0.20070000", "time": "2025-07-16T01:39:13.871817Z", "fetched_at": "2025-07-16T01:39:33.744637+00:00", "symbol": "DOGE-USD"}, {"trade_id": 139203637, "side": "sell", "size": "10.90000000", "price": "0.20070000", "time": "2025-07-16T01:39:13.871817Z", "fetched_at": "2025-07-16T01:39:33.744637+00:00", "symbol": "DOGE-USD"}, {"trade_id": 139203636, "side": "sell", "size": "1564.40000000", "price": "0.20069000", "time": "2025-07-16T01:39:13.871817Z", "fetched_at": "2025-07-16T01:39:33.744637+00:00", "symbol": "DOGE-USD"}, {"trade_id": 139203635, "side": "buy", "size": "5.50000000", "price": "0.20066000", "time": "2025-07-16T01:39:08.036197Z", "fetched_at": "2025-07-16T01:39:33.744637+00:00", "symbol": "DOGE-USD"}, {"trade_id": 139203634, "side": "buy", "size": "30.00000000", "price": "0.20066000", "time": "2025-07-16T01:39:08.036197Z", "fetched_at": "2025-07-16T01:39:33.744637+00:00", "symbol": "DOGE-USD"}, {"trade_id": 139203633, "side": "sell", "size": "72.60000000", "price": "0.20069000", "time": "2025-07-16T01:39:06.123677Z", "fetched_at": "2025-07-16T01:39:33.744637+00:00", "symbol": "DOGE-USD"}, {"trade_id": 139203632, "side": "buy", "size": "118.60000000", "price": "0.20070000", "time": "2025-07-16T01:39:05.467857Z", "fetched_at": "2025-07-16T01:39:33.744637+00:00", "symbol": "DOGE-USD"}, {"trade_id": 139203631, "side": "sell", "size": "5.50000000", "price": "0.20070000", "time": "2025-07-16T01:39:04.730367Z", "fetched_at": "2025-07-16T01:39:33.744637+00:00", "symbol": "DOGE-USD"}, {"trade_id": 139203630, "side": "sell", "size": "12.10000000", "price": "0.20070000", "time": "2025-07-16T01:39:04.730367Z", "fetched_at": "2025-07-16T01:39:33.744637+00:00", "symbol": "DOGE-USD"}, {"trade_id": 139203629, "side": "sell", "size": "52.20000000", "price": "0.20069000", "time": "2025-07-16T01:39:04.611771Z", "fetched_at": "2025-07-16T01:39:33.744637+00:00", "symbol": "DOGE-USD"}, {"trade_id": 139203628, "side": "sell", "size": "21.80000000", "price": "0.20068000", "time": "2025-07-16T01:39:04.564555Z", "fetched_at": "2025-07-16T01:39:33.744637+00:00", "symbol": "DOGE-USD"}, {"trade_id": 139203627, "side": "buy", "size": "248.10000000", "price": "0.20067000", "time": "2025-07-16T01:39:03.195788Z", "fetched_at": "2025-07-16T01:39:33.744637+00:00", "symbol": "DOGE-USD"}, {"trade_id": 139203626, "side": "sell", "size": "8.90000000", "price": "0.20068000", "time": "2025-07-16T01:39:00.301061Z", "fetched_at": "2025-07-16T01:39:33.744637+00:00", "symbol": "DOGE-USD"}, {"trade_id": 139203625, "side": "sell", "size": "5.50000000", "price": "0.20068000", "time": "2025-07-16T01:39:00.301061Z", "fetched_at": "2025-07-16T01:39:33.744637+00:00", "symbol": "DOGE-USD"}, {"trade_id": 139203624, "side": "sell", "size": "22.10000000", "price": "0.20068000", "time": "2025-07-16T01:39:00.301061Z", "fetched_at": "2025-07-16T01:39:33.744637+00:00", "symbol": "DOGE-USD"}, {"trade_id": 139203623, "side": "sell", "size": "115.50000000", "price": "0.20067000", "time": "2025-07-16T01:38:58.404255Z", "fetched_at": "2025-07-16T01:39:33.744637+00:00", "symbol": "DOGE-USD"}, {"trade_id": 139203622, "side": "sell", "size": "17.90000000", "price": "0.20066000", "time": "2025-07-16T01:38:58.265759Z", "fetched_at": "2025-07-16T01:39:33.744637+00:00", "symbol": "DOGE-USD"}, {"trade_id": 139203621, "side": "sell", "size": "12.40000000", "price": "0.20066000", "time": "2025-07-16T01:38:57.294762Z", "fetched_at": "2025-07-16T01:39:33.744637+00:00", "symbol": "DOGE-USD"}, {"trade_id": 139203620, "side": "sell", "size": "5.50000000", "price": "0.20066000", "time": "2025-07-16T01:38:57.294762Z", "fetched_at": "2025-07-16T01:39:33.744637+00:00", "symbol": "DOGE-USD"}, {"trade_id": 139203619, "side": "sell", "size": "5.50000000", "price": "0.20064000", "time": "2025-07-16T01:38:57.294762Z", "fetched_at": "2025-07-16T01:39:33.744637+00:00", "symbol": "DOGE-USD"}, {"trade_id": 139203618, "side": "buy", "size": "40.40000000", "price": "0.20063000", "time": "2025-07-16T01:38:57.201214Z", "fetched_at": "2025-07-16T01:39:33.744637+00:00", "symbol": "DOGE-USD"}, {"trade_id": 139203617, "side": "buy", "size": "62.00000000", "price": "0.20063000", "time": "2025-07-16T01:38:56.247006Z", "fetched_at": "2025-07-16T01:39:33.744637+00:00", "symbol": "DOGE-USD"}, {"trade_id": 139203616, "side": "sell", "size": "34.10000000", "price": "0.20062000", "time": "2025-07-16T01:38:55.883903Z", "fetched_at": "2025-07-16T01:39:33.744637+00:00", "symbol": "DOGE-USD"}, {"trade_id": 139203615, "side": "sell", "size": "5.50000000", "price": "0.20062000", "time": "2025-07-16T01:38:55.883903Z", "fetched_at": "2025-07-16T01:39:33.744637+00:00", "symbol": "DOGE-USD"}, {"trade_id": 139203614, "side": "sell", "size": "5.50000000", "price": "0.20060000", "time": "2025-07-16T01:38:53.602628Z", "fetched_at": "2025-07-16T01:39:33.744637+00:00", "symbol": "DOGE-USD"}, {"trade_id": 139203613, "side": "sell", "size": "5.50000000", "price": "0.20058000", "time": "2025-07-16T01:38:53.403505Z", "fetched_at": "2025-07-16T01:39:33.744637+00:00", "symbol": "DOGE-USD"}, {"trade_id": 139203612, "side": "sell", "size": "5.00000000", "price": "0.20057000", "time": "2025-07-16T01:38:53.302731Z", "fetched_at": "2025-07-16T01:39:33.744637+00:00", "symbol": "DOGE-USD"}, {"trade_id": 139203611, "side": "sell", "size": "28.40000000", "price": "0.20055000", "time": "2025-07-16T01:38:52.647959Z", "fetched_at": "2025-07-16T01:39:33.744637+00:00", "symbol": "DOGE-USD"}, {"trade_id": 139203610, "side": "sell", "size": "23.40000000", "price": "0.20051000", "time": "2025-07-16T01:38:49.047303Z", "fetched_at": "2025-07-16T01:39:33.744637+00:00", "symbol": "DOGE-USD"}, {"trade_id": 139203609, "side": "buy", "size": "5.50000000", "price": "0.20052000", "time": "2025-07-16T01:38:48.778843Z", "fetched_at": "2025-07-16T01:39:33.744637+00:00", "symbol": "DOGE-USD"}, {"trade_id": 139203608, "side": "buy", "size": "2000.00000000", "price": "0.20054000", "time": "2025-07-16T01:38:48.717527Z", "fetched_at": "2025-07-16T01:39:33.744637+00:00", "symbol": "DOGE-USD"}, {"trade_id": 139203607, "side": "buy", "size": "5.50000000", "price": "0.20054000", "time": "2025-07-16T01:38:48.717527Z", "fetched_at": "2025-07-16T01:39:33.744637+00:00", "symbol": "DOGE-USD"}, {"trade_id": 139203606, "side": "sell", "size": "64.50000000", "price": "0.20057000", "time": "2025-07-16T01:38:44.874709Z", "fetched_at": "2025-07-16T01:39:33.744637+00:00", "symbol": "DOGE-USD"}, {"trade_id": 139203605, "side": "sell", "size": "32.40000000", "price": "0.20055000", "time": "2025-07-16T01:38:44.874709Z", "fetched_at": "2025-07-16T01:39:33.744637+00:00", "symbol": "DOGE-USD"}, {"trade_id": 139203604, "side": "sell", "size": "175.40000000", "price": "0.20055000", "time": "2025-07-16T01:38:42.210995Z", "fetched_at": "2025-07-16T01:39:33.744637+00:00", "symbol": "DOGE-USD"}, {"trade_id": 139203603, "side": "sell", "size": "308.90000000", "price": "0.20055000", "time": "2025-07-16T01:38:42.210995Z", "fetched_at": "2025-07-16T01:39:33.744637+00:00", "symbol": "DOGE-USD"}, {"trade_id": 139203602, "side": "buy", "size": "5.50000000", "price": "0.20056000", "time": "2025-07-16T01:38:41.770593Z", "fetched_at": "2025-07-16T01:39:33.744637+00:00", "symbol": "DOGE-USD"}, {"trade_id": 139203601, "side": "buy", "size": "4316.70000000", "price": "0.20057000", "time": "2025-07-16T01:38:41.608052Z", "fetched_at": "2025-07-16T01:39:33.744637+00:00", "symbol": "DOGE-USD"}, {"trade_id": 139203600, "side": "buy", "size": "2792.40000000", "price": "0.20057000", "time": "2025-07-16T01:38:41.605803Z", "fetched_at": "2025-07-16T01:39:33.744637+00:00", "symbol": "DOGE-USD"}, {"trade_id": 139203599, "side": "buy", "size": "10878.00000000", "price": "0.20057000", "time": "2025-07-16T01:38:41.602126Z", "fetched_at": "2025-07-16T01:39:33.744637+00:00", "symbol": "DOGE-USD"}, {"trade_id": 139203598, "side": "buy", "size": "5.50000000", "price": "0.20058000", "time": "2025-07-16T01:38:41.602126Z", "fetched_at": "2025-07-16T01:39:33.744637+00:00", "symbol": "DOGE-USD"}, {"trade_id": 139203597, "side": "buy", "size": "5.50000000", "price": "0.20060000", "time": "2025-07-16T01:38:41.491243Z", "fetched_at": "2025-07-16T01:39:33.744637+00:00", "symbol": "DOGE-USD"}, {"trade_id": 139203596, "side": "sell", "size": "36.80000000", "price": "0.20067000", "time": "2025-07-16T01:38:36.406809Z", "fetched_at": "2025-07-16T01:39:33.744637+00:00", "symbol": "DOGE-USD"}, {"trade_id": 139203595, "side": "sell", "size": "5.50000000", "price": "0.20066000", "time": "2025-07-16T01:38:36.406809Z", "fetched_at": "2025-07-16T01:39:33.744637+00:00", "symbol": "DOGE-USD"}, {"trade_id": 139203594, "side": "sell", "size": "5.00000000", "price": "0.20065000", "time": "2025-07-16T01:38:36.406809Z", "fetched_at": "2025-07-16T01:39:33.744637+00:00", "symbol": "DOGE-USD"}, {"trade_id": 139203593, "side": "sell", "size": "15.30000000", "price": "0.20065000", "time": "2025-07-16T01:38:34.828102Z", "fetched_at": "2025-07-16T01:39:33.744637+00:00", "symbol": "DOGE-USD"}, {"trade_id": 139203592, "side": "sell", "size": "5.50000000", "price": "0.20064000", "time": "2025-07-16T01:38:33.738873Z", "fetched_at": "2025-07-16T01:39:33.744637+00:00", "symbol": "DOGE-USD"}, {"trade_id": 139203591, "side": "sell", "size": "5.50000000", "price": "0.20062000", "time": "2025-07-16T01:38:33.469500Z", "fetched_at": "2025-07-16T01:39:33.744637+00:00", "symbol": "DOGE-USD"}, {"trade_id": 139203590, "side": "sell", "size": "17.30000000", "price": "0.20061000", "time": "2025-07-16T01:38:33.436991Z", "fetched_at": "2025-07-16T01:39:33.744637+00:00", "symbol": "DOGE-USD"}, {"trade_id": 139203589, "side": "sell", "size": "1593.60000000", "price": "0.20061000", "time": "2025-07-16T01:38:33.436991Z", "fetched_at": "2025-07-16T01:39:33.744637+00:00", "symbol": "DOGE-USD"}, {"trade_id": 139203588, "side": "sell", "size": "21417.10000000", "price": "0.20061000", "time": "2025-07-16T01:38:33.433587Z", "fetched_at": "2025-07-16T01:39:33.744637+00:00", "symbol": "DOGE-USD"}, {"trade_id": 139203587, "side": "sell", "size": "2723.20000000", "price": "0.20061000", "time": "2025-07-16T01:38:33.423342Z", "fetched_at": "2025-07-16T01:39:33.744637+00:00", "symbol": "DOGE-USD"}, {"trade_id": 139203586, "side": "sell", "size": "3219.20000000", "price": "0.20061000", "time": "2025-07-16T01:38:33.412835Z", "fetched_at": "2025-07-16T01:39:33.744637+00:00", "symbol": "DOGE-USD"}, {"trade_id": 139203585, "side": "sell", "size": "3149.30000000", "price": "0.20061000", "time": "2025-07-16T01:38:33.399504Z", "fetched_at": "2025-07-16T01:39:33.744637+00:00", "symbol": "DOGE-USD"}, {"trade_id": 139203584, "side": "sell", "size": "2308.10000000", "price": "0.20061000", "time": "2025-07-16T01:38:33.386926Z", "fetched_at": "2025-07-16T01:39:33.744637+00:00", "symbol": "DOGE-USD"}, {"trade_id": 139203583, "side": "sell", "size": "10.10000000", "price": "0.20061000", "time": "2025-07-16T01:38:33.386413Z", "fetched_at": "2025-07-16T01:39:33.744637+00:00", "symbol": "DOGE-USD"}, {"trade_id": 139203582, "side": "sell", "size": "11854.00000000", "price": "0.20061000", "time": "2025-07-16T01:38:33.373247Z", "fetched_at": "2025-07-16T01:39:33.744637+00:00", "symbol": "DOGE-USD"}, {"trade_id": 139203581, "side": "sell", "size": "7312.50000000", "price": "0.20061000", "time": "2025-07-16T01:38:33.363368Z", "fetched_at": "2025-07-16T01:39:33.744637+00:00", "symbol": "DOGE-USD"}, {"trade_id": 139203580, "side": "sell", "size": "36.40000000", "price": "0.20060000", "time": "2025-07-16T01:38:31.741430Z", "fetched_at": "2025-07-16T01:39:33.744637+00:00", "symbol": "DOGE-USD"}, {"trade_id": 139203579, "side": "sell", "size": "5.50000000", "price": "0.20060000", "time": "2025-07-16T01:38:31.741430Z", "fetched_at": "2025-07-16T01:39:33.744637+00:00", "symbol": "DOGE-USD"}, {"trade_id": 139203578, "side": "sell", "size": "1906.20000000", "price": "0.20059000", "time": "2025-07-16T01:38:31.686173Z", "fetched_at": "2025-07-16T01:39:33.744637+00:00", "symbol": "DOGE-USD"}, {"trade_id": 139203577, "side": "sell", "size": "17987.30000000", "price": "0.20059000", "time": "2025-07-16T01:38:31.686173Z", "fetched_at": "2025-07-16T01:39:33.744637+00:00", "symbol": "DOGE-USD"}, {"trade_id": 139203576, "side": "sell", "size": "5.50000000", "price": "0.20058000", "time": "2025-07-16T01:38:31.686173Z", "fetched_at": "2025-07-16T01:39:33.744637+00:00", "symbol": "DOGE-USD"}, {"trade_id": 139203575, "side": "sell", "size": "17.30000000", "price": "0.20057000", "time": "2025-07-16T01:38:31.537856Z", "fetched_at": "2025-07-16T01:39:33.744637+00:00", "symbol": "DOGE-USD"}, {"trade_id": 139203574, "side": "sell", "size": "5.50000000", "price": "0.20056000", "time": "2025-07-16T01:38:26.894520Z", "fetched_at": "2025-07-16T01:39:33.744637+00:00", "symbol": "DOGE-USD"}, {"trade_id": 139203573, "side": "sell", "size": "21.60000000", "price": "0.20055000", "time": "2025-07-16T01:38:26.866035Z", "fetched_at": "2025-07-16T01:39:33.744637+00:00", "symbol": "DOGE-USD"}, {"trade_id": 139203572, "side": "sell", "size": "21.60000000", "price": "0.20053000", "time": "2025-07-16T01:38:24.537851Z", "fetched_at": "2025-07-16T01:39:33.744637+00:00", "symbol": "DOGE-USD"}, {"trade_id": 139203571, "side": "sell", "size": "58.20000000", "price": "0.20053000", "time": "2025-07-16T01:38:24.537851Z", "fetched_at": "2025-07-16T01:39:33.744637+00:00", "symbol": "DOGE-USD"}, {"trade_id": 139203570, "side": "sell", "size": "8877.20000000", "price": "0.20052000", "time": "2025-07-16T01:38:23.703909Z", "fetched_at": "2025-07-16T01:39:33.744637+00:00", "symbol": "DOGE-USD"}, {"trade_id": 139203569, "side": "sell", "size": "5354.90000000", "price": "0.20052000", "time": "2025-07-16T01:38:23.685526Z", "fetched_at": "2025-07-16T01:39:33.744637+00:00", "symbol": "DOGE-USD"}, {"trade_id": 139203568, "side": "sell", "size": "56.00000000", "price": "0.20049000", "time": "2025-07-16T01:38:23.332917Z", "fetched_at": "2025-07-16T01:39:33.744637+00:00", "symbol": "DOGE-USD"}, {"trade_id": 139203567, "side": "buy", "size": "32.20000000", "price": "0.20048000", "time": "2025-07-16T01:38:17.371478Z", "fetched_at": "2025-07-16T01:39:33.744637+00:00", "symbol": "DOGE-USD"}, {"trade_id": 139203566, "side": "buy", "size": "5.50000000", "price": "0.20048000", "time": "2025-07-16T01:38:17.371478Z", "fetched_at": "2025-07-16T01:39:33.744637+00:00", "symbol": "DOGE-USD"}, {"trade_id": 139203565, "side": "buy", "size": "5.50000000", "price": "0.20050000", "time": "2025-07-16T01:38:13.701368Z", "fetched_at": "2025-07-16T01:39:33.744637+00:00", "symbol": "DOGE-USD"}, {"trade_id": 139203564, "side": "buy", "size": "5.50000000", "price": "0.20052000", "time": "2025-07-16T01:38:12.513542Z", "fetched_at": "2025-07-16T01:39:33.744637+00:00", "symbol": "DOGE-USD"}, {"trade_id": 139203563, "side": "sell", "size": "17.30000000", "price": "0.20053000", "time": "2025-07-16T01:38:08.784667Z", "fetched_at": "2025-07-16T01:39:33.744637+00:00", "symbol": "DOGE-USD"}, {"trade_id": 139203562, "side": "sell", "size": "212.00000000", "price": "0.20054000", "time": "2025-07-16T01:38:06.735362Z", "fetched_at": "2025-07-16T01:39:33.744637+00:00", "symbol": "DOGE-USD"}, {"trade_id": 139203561, "side": "sell", "size": "251.30000000", "price": "0.20053000", "time": "2025-07-16T01:38:06.735362Z", "fetched_at": "2025-07-16T01:39:33.744637+00:00", "symbol": "DOGE-USD"}, {"trade_id": 139203560, "side": "buy", "size": "10000.00000000", "price": "0.20053000", "time": "2025-07-16T01:38:06.729622Z", "fetched_at": "2025-07-16T01:39:33.744637+00:00", "symbol": "DOGE-USD"}, {"trade_id": 139203559, "side": "buy", "size": "1965.60000000", "price": "0.20053000", "time": "2025-07-16T01:38:06.729622Z", "fetched_at": "2025-07-16T01:39:33.744637+00:00", "symbol": "DOGE-USD"}, {"trade_id": 139203558, "side": "buy", "size": "2783.70000000", "price": "0.20054000", "time": "2025-07-16T01:38:06.729082Z", "fetched_at": "2025-07-16T01:39:33.744637+00:00", "symbol": "DOGE-USD"}, {"trade_id": 139203557, "side": "buy", "size": "1345.80000000", "price": "0.20054000", "time": "2025-07-16T01:38:06.729082Z", "fetched_at": "2025-07-16T01:39:33.744637+00:00", "symbol": "DOGE-USD"}, {"trade_id": 139203556, "side": "buy", "size": "3959.40000000", "price": "0.20054000", "time": "2025-07-16T01:38:06.729082Z", "fetched_at": "2025-07-16T01:39:33.744637+00:00", "symbol": "DOGE-USD"}, {"trade_id": 139203555, "side": "buy", "size": "5.50000000", "price": "0.20054000", "time": "2025-07-16T01:38:06.729082Z", "fetched_at": "2025-07-16T01:39:33.744637+00:00", "symbol": "DOGE-USD"}, {"trade_id": 139203554, "side": "buy", "size": "5.50000000", "price": "0.20056000", "time": "2025-07-16T01:38:06.728437Z", "fetched_at": "2025-07-16T01:39:33.744637+00:00", "symbol": "DOGE-USD"}, {"trade_id": 139203553, "side": "buy", "size": "871.60000000", "price": "0.20057000", "time": "2025-07-16T01:38:06.728437Z", "fetched_at": "2025-07-16T01:39:33.744637+00:00", "symbol": "DOGE-USD"}, {"trade_id": 139203552, "side": "buy", "size": "871.60000000", "price": "0.20057000", "time": "2025-07-16T01:38:06.728437Z", "fetched_at": "2025-07-16T01:39:33.744637+00:00", "symbol": "DOGE-USD"}, {"trade_id": 139203551, "side": "buy", "size": "41.10000000", "price": "0.20058000", "time": "2025-07-16T01:38:06.728437Z", "fetched_at": "2025-07-16T01:39:33.744637+00:00", "symbol": "DOGE-USD"}, {"trade_id": 139203550, "side": "buy", "size": "5.50000000", "price": "0.20058000", "time": "2025-07-16T01:38:06.728437Z", "fetched_at": "2025-07-16T01:39:33.744637+00:00", "symbol": "DOGE-USD"}, {"trade_id": 139203549, "side": "buy", "size": "2000.00000000", "price": "0.20060000", "time": "2025-07-16T01:38:05.116722Z", "fetched_at": "2025-07-16T01:39:33.744637+00:00", "symbol": "DOGE-USD"}, {"trade_id": 139203548, "side": "buy", "size": "27.90000000", "price": "0.20060000", "time": "2025-07-16T01:38:02.368134Z", "fetched_at": "2025-07-16T01:39:33.744637+00:00", "symbol": "DOGE-USD"}, {"trade_id": 139203547, "side": "buy", "size": "5.50000000", "price": "0.20060000", "time": "2025-07-16T01:38:02.368134Z", "fetched_at": "2025-07-16T01:39:33.744637+00:00", "symbol": "DOGE-USD"}, {"trade_id": 139203546, "side": "sell", "size": "41.40000000", "price": "0.20062000", "time": "2025-07-16T01:38:01.194805Z", "fetched_at": "2025-07-16T01:39:33.744637+00:00", "symbol": "DOGE-USD"}, {"trade_id": 139203545, "side": "sell", "size": "17.30000000", "price": "0.20065000", "time": "2025-07-16T01:37:57.526264Z", "fetched_at": "2025-07-16T01:39:33.744637+00:00", "symbol": "DOGE-USD"}, {"trade_id": 139203544, "side": "sell", "size": "17.30000000", "price": "0.20063000", "time": "2025-07-16T01:37:57.195032Z", "fetched_at": "2025-07-16T01:39:33.744637+00:00", "symbol": "DOGE-USD"}, {"trade_id": 139203543, "side": "sell", "size": "17.30000000", "price": "0.20063000", "time": "2025-07-16T01:37:57.195032Z", "fetched_at": "2025-07-16T01:39:33.744637+00:00", "symbol": "DOGE-USD"}, {"trade_id": 139203542, "side": "buy", "size": "2000.00000000", "price": "0.20062000", "time": "2025-07-16T01:37:54.385166Z", "fetched_at": "2025-07-16T01:39:33.744637+00:00", "symbol": "DOGE-USD"}, {"trade_id": 139203541, "side": "sell", "size": "6.80000000", "price": "0.20063000", "time": "2025-07-16T01:37:51.994494Z", "fetched_at": "2025-07-16T01:39:33.744637+00:00", "symbol": "DOGE-USD"}, {"trade_id": 139203540, "side": "buy", "size": "137.40000000", "price": "0.20064000", "time": "2025-07-16T01:37:48.900692Z", "fetched_at": "2025-07-16T01:39:33.744637+00:00", "symbol": "DOGE-USD"}, {"trade_id": 139203539, "side": "sell", "size": "39.40000000", "price": "0.20067000", "time": "2025-07-16T01:37:43.619961Z", "fetched_at": "2025-07-16T01:39:33.744637+00:00", "symbol": "DOGE-USD"}, {"trade_id": 139203538, "side": "sell", "size": "5.50000000", "price": "0.20066000", "time": "2025-07-16T01:37:43.619961Z", "fetched_at": "2025-07-16T01:39:33.744637+00:00", "symbol": "DOGE-USD"}, {"trade_id": 139203537, "side": "sell", "size": "17.30000000", "price": "0.20064000", "time": "2025-07-16T01:37:43.619961Z", "fetched_at": "2025-07-16T01:39:33.744637+00:00", "symbol": "DOGE-USD"}, {"trade_id": 139203536, "side": "sell", "size": "8.60000000", "price": "0.20064000", "time": "2025-07-16T01:37:43.619961Z", "fetched_at": "2025-07-16T01:39:33.744637+00:00", "symbol": "DOGE-USD"}, {"trade_id": 139203535, "side": "sell", "size": "1.80000000", "price": "0.20064000", "time": "2025-07-16T01:37:43.619961Z", "fetched_at": "2025-07-16T01:39:33.744637+00:00", "symbol": "DOGE-USD"}, {"trade_id": 139203534, "side": "sell", "size": "3.70000000", "price": "0.20064000", "time": "2025-07-16T01:37:42.048636Z", "fetched_at": "2025-07-16T01:39:33.744637+00:00", "symbol": "DOGE-USD"}, {"trade_id": 139203533, "side": "sell", "size": "17.30000000", "price": "0.20062000", "time": "2025-07-16T01:37:35.056205Z", "fetched_at": "2025-07-16T01:39:33.744637+00:00", "symbol": "DOGE-USD"}, {"trade_id": 139203532, "side": "sell", "size": "5.50000000", "price": "0.20062000", "time": "2025-07-16T01:37:35.056205Z", "fetched_at": "2025-07-16T01:39:33.744637+00:00", "symbol": "DOGE-USD"}, {"trade_id": 139203531, "side": "buy", "size": "521.40000000", "price": "0.20061000", "time": "2025-07-16T01:37:28.218913Z", "fetched_at": "2025-07-16T01:39:33.744637+00:00", "symbol": "DOGE-USD"}, {"trade_id": 139203530, "side": "sell", "size": "5.50000000", "price": "0.20060000", "time": "2025-07-16T01:37:25.412229Z", "fetched_at": "2025-07-16T01:39:33.744637+00:00", "symbol": "DOGE-USD"}, {"trade_id": 139203529, "side": "sell", "size": "17.30000000", "price": "0.20057000", "time": "2025-07-16T01:37:23.894459Z", "fetched_at": "2025-07-16T01:39:33.744637+00:00", "symbol": "DOGE-USD"}, {"trade_id": 139203528, "side": "buy", "size": "994.80000000", "price": "0.20055000", "time": "2025-07-16T01:37:19.901330Z", "fetched_at": "2025-07-16T01:39:33.744637+00:00", "symbol": "DOGE-USD"}, {"trade_id": 139203527, "side": "sell", "size": "2992.80000000", "price": "0.20058000", "time": "2025-07-16T01:37:19.858740Z", "fetched_at": "2025-07-16T01:39:33.744637+00:00", "symbol": "DOGE-USD"}, {"trade_id": 139203526, "side": "sell", "size": "6058.40000000", "price": "0.20059000", "time": "2025-07-16T01:37:19.847885Z", "fetched_at": "2025-07-16T01:39:33.744637+00:00", "symbol": "DOGE-USD"}, {"trade_id": 139203525, "side": "sell", "size": "5059.30000000", "price": "0.20059000", "time": "2025-07-16T01:37:19.847885Z", "fetched_at": "2025-07-16T01:39:33.744637+00:00", "symbol": "DOGE-USD"}, {"trade_id": 139203524, "side": "sell", "size": "2500.00000000", "price": "0.20058000", "time": "2025-07-16T01:37:19.847511Z", "fetched_at": "2025-07-16T01:39:33.744637+00:00", "symbol": "DOGE-USD"}, {"trade_id": 139203523, "side": "sell", "size": "5.50000000", "price": "0.20058000", "time": "2025-07-16T01:37:19.847511Z", "fetched_at": "2025-07-16T01:39:33.744637+00:00", "symbol": "DOGE-USD"}, {"trade_id": 139203522, "side": "sell", "size": "2000.00000000", "price": "0.20058000", "time": "2025-07-16T01:37:19.847511Z", "fetched_at": "2025-07-16T01:39:33.744637+00:00", "symbol": "DOGE-USD"}, {"trade_id": 139203521, "side": "sell", "size": "308.90000000", "price": "0.20055000", "time": "2025-07-16T01:37:19.847511Z", "fetched_at": "2025-07-16T01:39:33.744637+00:00", "symbol": "DOGE-USD"}, {"trade_id": 139203520, "side": "sell", "size": "5370.60000000", "price": "0.20057000", "time": "2025-07-16T01:37:19.843321Z", "fetched_at": "2025-07-16T01:39:33.744637+00:00", "symbol": "DOGE-USD"}, {"trade_id": 139203519, "side": "sell", "size": "7387.70000000", "price": "0.20057000", "time": "2025-07-16T01:37:19.842445Z", "fetched_at": "2025-07-16T01:39:33.744637+00:00", "symbol": "DOGE-USD"}, {"trade_id": 139203518, "side": "sell", "size": "474.80000000", "price": "0.20055000", "time": "2025-07-16T01:37:19.834462Z", "fetched_at": "2025-07-16T01:39:33.744637+00:00", "symbol": "DOGE-USD"}, {"trade_id": 139203517, "side": "sell", "size": "308.90000000", "price": "0.20055000", "time": "2025-07-16T01:37:19.834462Z", "fetched_at": "2025-07-16T01:39:33.744637+00:00", "symbol": "DOGE-USD"}, {"trade_id": 139203516, "side": "sell", "size": "56.00000000", "price": "0.20055000", "time": "2025-07-16T01:37:19.834462Z", "fetched_at": "2025-07-16T01:39:33.744637+00:00", "symbol": "DOGE-USD"}, {"trade_id": 139203515, "side": "sell", "size": "7955.00000000", "price": "0.20056000", "time": "2025-07-16T01:37:19.827650Z", "fetched_at": "2025-07-16T01:39:33.744637+00:00", "symbol": "DOGE-USD"}, {"trade_id": 139203514, "side": "sell", "size": "1987.80000000", "price": "0.20056000", "time": "2025-07-16T01:37:19.827650Z", "fetched_at": "2025-07-16T01:39:33.744637+00:00", "symbol": "DOGE-USD"}, {"trade_id": 139203513, "side": "sell", "size": "5.50000000", "price": "0.20056000", "time": "2025-07-16T01:37:19.827650Z", "fetched_at": "2025-07-16T01:39:33.744637+00:00", "symbol": "DOGE-USD"}, {"trade_id": 139203512, "side": "sell", "size": "2860.40000000", "price": "0.20055000", "time": "2025-07-16T01:37:19.823325Z", "fetched_at": "2025-07-16T01:39:33.744637+00:00", "symbol": "DOGE-USD"}, {"trade_id": 139203511, "side": "sell", "size": "1315.20000000", "price": "0.20055000", "time": "2025-07-16T01:37:19.823325Z", "fetched_at": "2025-07-16T01:39:33.744637+00:00", "symbol": "DOGE-USD"}, {"trade_id": 139203510, "side": "sell", "size": "6765.60000000", "price": "0.20055000", "time": "2025-07-16T01:37:19.823325Z", "fetched_at": "2025-07-16T01:39:33.744637+00:00", "symbol": "DOGE-USD"}, {"trade_id": 139203509, "side": "sell", "size": "871.60000000", "price": "0.20054000", "time": "2025-07-16T01:37:19.823325Z", "fetched_at": "2025-07-16T01:39:33.744637+00:00", "symbol": "DOGE-USD"}, {"trade_id": 139203508, "side": "sell", "size": "871.60000000", "price": "0.20054000", "time": "2025-07-16T01:37:19.823325Z", "fetched_at": "2025-07-16T01:39:33.744637+00:00", "symbol": "DOGE-USD"}, {"trade_id": 139203507, "side": "sell", "size": "5.50000000", "price": "0.20054000", "time": "2025-07-16T01:37:19.823325Z", "fetched_at": "2025-07-16T01:39:33.744637+00:00", "symbol": "DOGE-USD"}, {"trade_id": 139203506, "side": "sell", "size": "56.00000000", "price": "0.20053000", "time": "2025-07-16T01:37:19.821873Z", "fetched_at": "2025-07-16T01:39:33.744637+00:00", "symbol": "DOGE-USD"}, {"trade_id": 139203505, "side": "sell", "size": "1593.00000000", "price": "0.20053000", "time": "2025-07-16T01:37:19.821873Z", "fetched_at": "2025-07-16T01:39:33.744637+00:00", "symbol": "DOGE-USD"}, {"trade_id": 139203504, "side": "sell", "size": "17.30000000", "price": "0.20053000", "time": "2025-07-16T01:37:19.821873Z", "fetched_at": "2025-07-16T01:39:33.744637+00:00", "symbol": "DOGE-USD"}, {"trade_id": 139203503, "side": "sell", "size": "8.60000000", "price": "0.20053000", "time": "2025-07-16T01:37:19.821873Z", "fetched_at": "2025-07-16T01:39:33.744637+00:00", "symbol": "DOGE-USD"}, {"trade_id": 139203502, "side": "sell", "size": "700.00000000", "price": "0.20052000", "time": "2025-07-16T01:37:19.819137Z", "fetched_at": "2025-07-16T01:39:33.744637+00:00", "symbol": "DOGE-USD"}, {"trade_id": 139203501, "side": "buy", "size": "101.70000000", "price": "0.20051000", "time": "2025-07-16T01:37:17.372068Z", "fetched_at": "2025-07-16T01:39:33.744637+00:00", "symbol": "DOGE-USD"}, {"trade_id": 139203500, "side": "sell", "size": "79.30000000", "price": "0.20053000", "time": "2025-07-16T01:37:14.766454Z", "fetched_at": "2025-07-16T01:39:33.744637+00:00", "symbol": "DOGE-USD"}, {"trade_id": 139203499, "side": "sell", "size": "56.00000000", "price": "0.20052000", "time": "2025-07-16T01:37:14.766454Z", "fetched_at": "2025-07-16T01:39:33.744637+00:00", "symbol": "DOGE-USD"}, {"trade_id": 139203498, "side": "sell", "size": "5.50000000", "price": "0.20052000", "time": "2025-07-16T01:37:14.766454Z", "fetched_at": "2025-07-16T01:39:33.744637+00:00", "symbol": "DOGE-USD"}, {"trade_id": 139203497, "side": "sell", "size": "26.70000000", "price": "0.20049000", "time": "2025-07-16T01:37:14.766454Z", "fetched_at": "2025-07-16T01:39:33.744637+00:00", "symbol": "DOGE-USD"}, {"trade_id": 139203496, "side": "buy", "size": "5.50000000", "price": "0.20048000", "time": "2025-07-16T01:37:12.858090Z", "fetched_at": "2025-07-16T01:39:33.744637+00:00", "symbol": "DOGE-USD"}, {"trade_id": 139203495, "side": "sell", "size": "5.00000000", "price": "0.20049000", "time": "2025-07-16T01:37:10.854730Z", "fetched_at": "2025-07-16T01:39:33.744637+00:00", "symbol": "DOGE-USD"}, {"trade_id": 139203494, "side": "buy", "size": "5.50000000", "price": "0.20050000", "time": "2025-07-16T01:37:10.768397Z", "fetched_at": "2025-07-16T01:39:33.744637+00:00", "symbol": "DOGE-USD"}, {"trade_id": 139203493, "side": "buy", "size": "5.50000000", "price": "0.20052000", "time": "2025-07-16T01:37:10.694745Z", "fetched_at": "2025-07-16T01:39:33.744637+00:00", "symbol": "DOGE-USD"}, {"trade_id": 139203492, "side": "buy", "size": "193.80000000", "price": "0.20053000", "time": "2025-07-16T01:37:10.506169Z", "fetched_at": "2025-07-16T01:39:33.744637+00:00", "symbol": "DOGE-USD"}, {"trade_id": 139203491, "side": "buy", "size": "5.50000000", "price": "0.20054000", "time": "2025-07-16T01:37:10.506169Z", "fetched_at": "2025-07-16T01:39:33.744637+00:00", "symbol": "DOGE-USD"}, {"trade_id": 139203490, "side": "buy", "size": "18536.00000000", "price": "0.20056000", "time": "2025-07-16T01:37:10.496101Z", "fetched_at": "2025-07-16T01:39:33.744637+00:00", "symbol": "DOGE-USD"}, {"trade_id": 139203489, "side": "buy", "size": "38833.00000000", "price": "0.20056000", "time": "2025-07-16T01:37:10.494941Z", "fetched_at": "2025-07-16T01:39:33.744637+00:00", "symbol": "DOGE-USD"}, {"trade_id": 139203488, "side": "buy", "size": "113737.60000000", "price": "0.20056000", "time": "2025-07-16T01:37:10.494760Z", "fetched_at": "2025-07-16T01:39:33.744637+00:00", "symbol": "DOGE-USD"}, {"trade_id": 139203487, "side": "buy", "size": "16481.40000000", "price": "0.20056000", "time": "2025-07-16T01:37:10.494691Z", "fetched_at": "2025-07-16T01:39:33.744637+00:00", "symbol": "DOGE-USD"}, {"trade_id": 139203486, "side": "buy", "size": "26182.90000000", "price": "0.20056000", "time": "2025-07-16T01:37:09.416115Z", "fetched_at": "2025-07-16T01:39:33.744637+00:00", "symbol": "DOGE-USD"}, {"trade_id": 139203485, "side": "buy", "size": "577.50000000", "price": "0.20056000", "time": "2025-07-16T01:37:09.060582Z", "fetched_at": "2025-07-16T01:39:33.744637+00:00", "symbol": "DOGE-USD"}, {"trade_id": 139203484, "side": "buy", "size": "21.00000000", "price": "0.20057000", "time": "2025-07-16T01:37:09.060582Z", "fetched_at": "2025-07-16T01:39:33.744637+00:00", "symbol": "DOGE-USD"}, {"trade_id": 139203483, "side": "sell", "size": "27.20000000", "price": "0.20058000", "time": "2025-07-16T01:37:08.971655Z", "fetched_at": "2025-07-16T01:39:33.744637+00:00", "symbol": "DOGE-USD"}, {"trade_id": 139203482, "side": "buy", "size": "0.10000000", "price": "0.20057000", "time": "2025-07-16T01:37:07.726061Z", "fetched_at": "2025-07-16T01:39:33.744637+00:00", "symbol": "DOGE-USD"}, {"trade_id": 139203481, "side": "buy", "size": "165.60000000", "price": "0.20059000", "time": "2025-07-16T01:37:07.124091Z", "fetched_at": "2025-07-16T01:39:33.744637+00:00", "symbol": "DOGE-USD"}, {"trade_id": 139203480, "side": "sell", "size": "30.50000000", "price": "0.20060000", "time": "2025-07-16T01:37:06.848860Z", "fetched_at": "2025-07-16T01:39:33.744637+00:00", "symbol": "DOGE-USD"}, {"trade_id": 139203479, "side": "sell", "size": "17.30000000", "price": "0.20060000", "time": "2025-07-16T01:37:06.848860Z", "fetched_at": "2025-07-16T01:39:33.744637+00:00", "symbol": "DOGE-USD"}, {"trade_id": 139203478, "side": "sell", "size": "17.30000000", "price": "0.20060000", "time": "2025-07-16T01:37:06.848860Z", "fetched_at": "2025-07-16T01:39:33.744637+00:00", "symbol": "DOGE-USD"}, {"trade_id": 139203477, "side": "sell", "size": "5.50000000", "price": "0.20060000", "time": "2025-07-16T01:37:06.848860Z", "fetched_at": "2025-07-16T01:39:33.744637+00:00", "symbol": "DOGE-USD"}, {"trade_id": 139203476, "side": "sell", "size": "171.80000000", "price": "0.20060000", "time": "2025-07-16T01:37:06.848860Z", "fetched_at": "2025-07-16T01:39:33.744637+00:00", "symbol": "DOGE-USD"}, {"trade_id": 139203475, "side": "buy", "size": "249.30000000", "price": "0.20059000", "time": "2025-07-16T01:37:06.369748Z", "fetched_at": "2025-07-16T01:39:33.744637+00:00", "symbol": "DOGE-USD"}, {"trade_id": 139203474, "side": "buy", "size": "526.40000000", "price": "0.20059000", "time": "2025-07-16T01:37:06.070972Z", "fetched_at": "2025-07-16T01:39:33.744637+00:00", "symbol": "DOGE-USD"}, {"trade_id": 139203473, "side": "buy", "size": "22.10000000", "price": "0.20059000", "time": "2025-07-16T01:37:06.070972Z", "fetched_at": "2025-07-16T01:39:33.744637+00:00", "symbol": "DOGE-USD"}, {"trade_id": 139203472, "side": "buy", "size": "21.20000000", "price": "0.20055000", "time": "2025-07-16T01:36:59.246781Z", "fetched_at": "2025-07-16T01:39:33.744637+00:00", "symbol": "DOGE-USD"}, {"trade_id": 139203471, "side": "buy", "size": "871.60000000", "price": "0.20057000", "time": "2025-07-16T01:36:57.990352Z", "fetched_at": "2025-07-16T01:39:33.744637+00:00", "symbol": "DOGE-USD"}, {"trade_id": 139203470, "side": "sell", "size": "5.50000000", "price": "0.20058000", "time": "2025-07-16T01:36:56.644624Z", "fetched_at": "2025-07-16T01:39:33.744637+00:00", "symbol": "DOGE-USD"}, {"trade_id": 139203469, "side": "sell", "size": "5.50000000", "price": "0.20056000", "time": "2025-07-16T01:36:56.631171Z", "fetched_at": "2025-07-16T01:39:33.744637+00:00", "symbol": "DOGE-USD"}, {"trade_id": 139203468, "side": "sell", "size": "5.50000000", "price": "0.20054000", "time": "2025-07-16T01:36:56.531335Z", "fetched_at": "2025-07-16T01:39:33.744637+00:00", "symbol": "DOGE-USD"}, {"trade_id": 139203467, "side": "sell", "size": "34.60000000", "price": "0.20052000", "time": "2025-07-16T01:36:55.816880Z", "fetched_at": "2025-07-16T01:39:33.744637+00:00", "symbol": "DOGE-USD"}, {"trade_id": 139203466, "side": "sell", "size": "140.70000000", "price": "0.20052000", "time": "2025-07-16T01:36:52.556742Z", "fetched_at": "2025-07-16T01:39:33.744637+00:00", "symbol": "DOGE-USD"}, {"trade_id": 139203465, "side": "sell", "size": "19.50000000", "price": "0.20052000", "time": "2025-07-16T01:36:52.556742Z", "fetched_at": "2025-07-16T01:39:33.744637+00:00", "symbol": "DOGE-USD"}, {"trade_id": 139203464, "side": "sell", "size": "5.50000000", "price": "0.20052000", "time": "2025-07-16T01:36:52.556742Z", "fetched_at": "2025-07-16T01:39:33.744637+00:00", "symbol": "DOGE-USD"}, {"trade_id": 139203463, "side": "sell", "size": "9.10000000", "price": "0.20050000", "time": "2025-07-16T01:36:44.747896Z", "fetched_at": "2025-07-16T01:39:33.744637+00:00", "symbol": "DOGE-USD"}, {"trade_id": 139203462, "side": "sell", "size": "35.40000000", "price": "0.20050000", "time": "2025-07-16T01:36:44.747896Z", "fetched_at": "2025-07-16T01:39:33.744637+00:00", "symbol": "DOGE-USD"}, {"trade_id": 139203461, "side": "sell", "size": "5.50000000", "price": "0.20050000", "time": "2025-07-16T01:36:44.747896Z", "fetched_at": "2025-07-16T01:39:33.744637+00:00", "symbol": "DOGE-USD"}, {"trade_id": 139203460, "side": "sell", "size": "86.00000000", "price": "0.20049000", "time": "2025-07-16T01:36:42.049478Z", "fetched_at": "2025-07-16T01:39:33.744637+00:00", "symbol": "DOGE-USD"}, {"trade_id": 139203459, "side": "sell", "size": "5.50000000", "price": "0.20048000", "time": "2025-07-16T01:36:42.049478Z", "fetched_at": "2025-07-16T01:39:33.744637+00:00", "symbol": "DOGE-USD"}, {"trade_id": 139203458, "side": "sell", "size": "5.50000000", "price": "0.20046000", "time": "2025-07-16T01:36:42.049478Z", "fetched_at": "2025-07-16T01:39:33.744637+00:00", "symbol": "DOGE-USD"}, {"trade_id": 139203457, "side": "sell", "size": "62.90000000", "price": "0.20044000", "time": "2025-07-16T01:36:41.101899Z", "fetched_at": "2025-07-16T01:39:33.744637+00:00", "symbol": "DOGE-USD"}, {"trade_id": 139203456, "side": "sell", "size": "5.50000000", "price": "0.20044000", "time": "2025-07-16T01:36:41.101899Z", "fetched_at": "2025-07-16T01:39:33.744637+00:00", "symbol": "DOGE-USD"}, {"trade_id": 139203455, "side": "sell", "size": "5.50000000", "price": "0.20042000", "time": "2025-07-16T01:36:39.106643Z", "fetched_at": "2025-07-16T01:39:33.744637+00:00", "symbol": "DOGE-USD"}, {"trade_id": 139203454, "side": "sell", "size": "5.50000000", "price": "0.20040000", "time": "2025-07-16T01:36:39.065846Z", "fetched_at": "2025-07-16T01:39:33.744637+00:00", "symbol": "DOGE-USD"}, {"trade_id": 139203453, "side": "sell", "size": "21.70000000", "price": "0.20037000", "time": "2025-07-16T01:36:38.853043Z", "fetched_at": "2025-07-16T01:39:33.744637+00:00", "symbol": "DOGE-USD"}, {"trade_id": 139203452, "side": "buy", "size": "5.10000000", "price": "0.20036000", "time": "2025-07-16T01:36:38.780394Z", "fetched_at": "2025-07-16T01:39:33.744637+00:00", "symbol": "DOGE-USD"}, {"trade_id": 139203451, "side": "buy", "size": "871.60000000", "price": "0.20043000", "time": "2025-07-16T01:36:30.246957Z", "fetched_at": "2025-07-16T01:39:33.744637+00:00", "symbol": "DOGE-USD"}, {"trade_id": 139203450, "side": "buy", "size": "1571.40000000", "price": "0.20043000", "time": "2025-07-16T01:36:30.246957Z", "fetched_at": "2025-07-16T01:39:33.744637+00:00", "symbol": "DOGE-USD"}, {"trade_id": 139203449, "side": "buy", "size": "8.50000000", "price": "0.20043000", "time": "2025-07-16T01:36:30.246957Z", "fetched_at": "2025-07-16T01:39:33.744637+00:00", "symbol": "DOGE-USD"}, {"trade_id": 139203448, "side": "sell", "size": "43.40000000", "price": "0.20040000", "time": "2025-07-16T01:36:29.009446Z", "fetched_at": "2025-07-16T01:39:33.744637+00:00", "symbol": "DOGE-USD"}, {"trade_id": 139203447, "side": "sell", "size": "5.50000000", "price": "0.20040000", "time": "2025-07-16T01:36:29.009446Z", "fetched_at": "2025-07-16T01:39:33.744637+00:00", "symbol": "DOGE-USD"}, {"trade_id": 139203446, "side": "buy", "size": "11.30000000", "price": "0.20038000", "time": "2025-07-16T01:36:26.248400Z", "fetched_at": "2025-07-16T01:39:33.744637+00:00", "symbol": "DOGE-USD"}, {"trade_id": 139203445, "side": "buy", "size": "871.60000000", "price": "0.20038000", "time": "2025-07-16T01:36:26.248400Z", "fetched_at": "2025-07-16T01:39:33.744637+00:00", "symbol": "DOGE-USD"}, {"trade_id": 139203444, "side": "sell", "size": "5.50000000", "price": "0.20038000", "time": "2025-07-16T01:36:24.048989Z", "fetched_at": "2025-07-16T01:39:33.744637+00:00", "symbol": "DOGE-USD"}, {"trade_id": 139203443, "side": "sell", "size": "1318.40000000", "price": "0.20037000", "time": "2025-07-16T01:36:23.812004Z", "fetched_at": "2025-07-16T01:39:33.744637+00:00", "symbol": "DOGE-USD"}, {"trade_id": 139203442, "side": "sell", "size": "56.00000000", "price": "0.20036000", "time": "2025-07-16T01:36:23.812004Z", "fetched_at": "2025-07-16T01:39:33.744637+00:00", "symbol": "DOGE-USD"}, {"trade_id": 139203441, "side": "sell", "size": "5.50000000", "price": "0.20036000", "time": "2025-07-16T01:36:23.812004Z", "fetched_at": "2025-07-16T01:39:33.744637+00:00", "symbol": "DOGE-USD"}, {"trade_id": 139203440, "side": "sell", "size": "51.40000000", "price": "0.20035000", "time": "2025-07-16T01:36:23.804295Z", "fetched_at": "2025-07-16T01:39:33.744637+00:00", "symbol": "DOGE-USD"}, {"trade_id": 139203439, "side": "sell", "size": "5851.00000000", "price": "0.20035000", "time": "2025-07-16T01:36:23.804295Z", "fetched_at": "2025-07-16T01:39:33.744637+00:00", "symbol": "DOGE-USD"}, {"trade_id": 139203438, "side": "sell", "size": "20356.20000000", "price": "0.20035000", "time": "2025-07-16T01:36:23.781483Z", "fetched_at": "2025-07-16T01:39:33.744637+00:00", "symbol": "DOGE-USD"}, {"trade_id": 139203437, "side": "buy", "size": "50.40000000", "price": "0.20033000", "time": "2025-07-16T01:36:23.688144Z", "fetched_at": "2025-07-16T01:39:33.744637+00:00", "symbol": "DOGE-USD"}, {"trade_id": 139203436, "side": "sell", "size": "17.50000000", "price": "0.20035000", "time": "2025-07-16T01:36:22.735633Z", "fetched_at": "2025-07-16T01:39:33.744637+00:00", "symbol": "DOGE-USD"}, {"trade_id": 139203435, "side": "sell", "size": "305.00000000", "price": "0.20034000", "time": "2025-07-16T01:36:22.735633Z", "fetched_at": "2025-07-16T01:39:33.744637+00:00", "symbol": "DOGE-USD"}, {"trade_id": 139203434, "side": "sell", "size": "17.10000000", "price": "0.20034000", "time": "2025-07-16T01:36:22.735633Z", "fetched_at": "2025-07-16T01:39:33.744637+00:00", "symbol": "DOGE-USD"}, {"trade_id": 139203433, "side": "buy", "size": "61064.50000000", "price": "0.20030000", "time": "2025-07-16T01:36:20.480105Z", "fetched_at": "2025-07-16T01:39:33.744637+00:00", "symbol": "DOGE-USD"}, {"trade_id": 139203432, "side": "buy", "size": "5.50000000", "price": "0.20030000", "time": "2025-07-16T01:36:20.480105Z", "fetched_at": "2025-07-16T01:39:33.744637+00:00", "symbol": "DOGE-USD"}, {"trade_id": 139203431, "side": "buy", "size": "6.50000000", "price": "0.20031000", "time": "2025-07-16T01:36:20.480105Z", "fetched_at": "2025-07-16T01:39:33.744637+00:00", "symbol": "DOGE-USD"}, {"trade_id": 139203430, "side": "sell", "size": "61.50000000", "price": "0.20032000", "time": "2025-07-16T01:36:18.951028Z", "fetched_at": "2025-07-16T01:39:33.744637+00:00", "symbol": "DOGE-USD"}, {"trade_id": 139203429, "side": "sell", "size": "308.90000000", "price": "0.20032000", "time": "2025-07-16T01:36:18.951028Z", "fetched_at": "2025-07-16T01:39:33.744637+00:00", "symbol": "DOGE-USD"}, {"trade_id": 139203428, "side": "sell", "size": "180.50000000", "price": "0.20035000", "time": "2025-07-16T01:36:12.696736Z", "fetched_at": "2025-07-16T01:39:33.744637+00:00", "symbol": "DOGE-USD"}, {"trade_id": 139203427, "side": "sell", "size": "56.50000000", "price": "0.20035000", "time": "2025-07-16T01:36:12.696736Z", "fetched_at": "2025-07-16T01:39:33.744637+00:00", "symbol": "DOGE-USD"}, {"trade_id": 139203426, "side": "sell", "size": "5.50000000", "price": "0.20034000", "time": "2025-07-16T01:36:12.696736Z", "fetched_at": "2025-07-16T01:39:33.744637+00:00", "symbol": "DOGE-USD"}, {"trade_id": 139203425, "side": "sell", "size": "23.10000000", "price": "0.20032000", "time": "2025-07-16T01:36:12.525772Z", "fetched_at": "2025-07-16T01:39:33.744637+00:00", "symbol": "DOGE-USD"}, {"trade_id": 139203424, "side": "sell", "size": "11.50000000", "price": "0.20032000", "time": "2025-07-16T01:36:12.525772Z", "fetched_at": "2025-07-16T01:39:33.744637+00:00", "symbol": "DOGE-USD"}, {"trade_id": 139203423, "side": "sell", "size": "11.50000000", "price": "0.20032000", "time": "2025-07-16T01:36:12.525772Z", "fetched_at": "2025-07-16T01:39:33.744637+00:00", "symbol": "DOGE-USD"}, {"trade_id": 139203422, "side": "buy", "size": "871.60000000", "price": "0.20030000", "time": "2025-07-16T01:36:08.851582Z", "fetched_at": "2025-07-16T01:39:33.744637+00:00", "symbol": "DOGE-USD"}, {"trade_id": 139203421, "side": "buy", "size": "5.50000000", "price": "0.20030000", "time": "2025-07-16T01:36:08.851582Z", "fetched_at": "2025-07-16T01:39:33.744637+00:00", "symbol": "DOGE-USD"}, {"trade_id": 139203420, "side": "buy", "size": "18.20000000", "price": "0.20031000", "time": "2025-07-16T01:36:08.851582Z", "fetched_at": "2025-07-16T01:39:33.744637+00:00", "symbol": "DOGE-USD"}, {"trade_id": 139203419, "side": "buy", "size": "250.40000000", "price": "0.20031000", "time": "2025-07-16T01:36:08.851582Z", "fetched_at": "2025-07-16T01:39:33.744637+00:00", "symbol": "DOGE-USD"}, {"trade_id": 139203418, "side": "buy", "size": "871.60000000", "price": "0.20032000", "time": "2025-07-16T01:36:07.704150Z", "fetched_at": "2025-07-16T01:39:33.744637+00:00", "symbol": "DOGE-USD"}, {"trade_id": 139203417, "side": "buy", "size": "5.50000000", "price": "0.20032000", "time": "2025-07-16T01:36:07.704150Z", "fetched_at": "2025-07-16T01:39:33.744637+00:00", "symbol": "DOGE-USD"}, {"trade_id": 139203416, "side": "buy", "size": "871.60000000", "price": "0.20033000", "time": "2025-07-16T01:36:07.704150Z", "fetched_at": "2025-07-16T01:39:33.744637+00:00", "symbol": "DOGE-USD"}, {"trade_id": 139203415, "side": "buy", "size": "22.40000000", "price": "0.20033000", "time": "2025-07-16T01:36:07.704150Z", "fetched_at": "2025-07-16T01:39:33.744637+00:00", "symbol": "DOGE-USD"}, {"trade_id": 139203414, "side": "sell", "size": "242.20000000", "price": "0.20034000", "time": "2025-07-16T01:36:07.182991Z", "fetched_at": "2025-07-16T01:39:33.744637+00:00", "symbol": "DOGE-USD"}, {"trade_id": 139203413, "side": "sell", "size": "47.30000000", "price": "0.20035000", "time": "2025-07-16T01:36:05.234232Z", "fetched_at": "2025-07-16T01:39:33.744637+00:00", "symbol": "DOGE-USD"}, {"trade_id": 139203412, "side": "sell", "size": "73.90000000", "price": "0.20035000", "time": "2025-07-16T01:36:04.408166Z", "fetched_at": "2025-07-16T01:39:33.744637+00:00", "symbol": "DOGE-USD"}, {"trade_id": 139203411, "side": "sell", "size": "20.70000000", "price": "0.20034000", "time": "2025-07-16T01:36:04.408166Z", "fetched_at": "2025-07-16T01:39:33.744637+00:00", "symbol": "DOGE-USD"}, {"trade_id": 139203410, "side": "sell", "size": "46.70000000", "price": "0.20034000", "time": "2025-07-16T01:36:04.390925Z", "fetched_at": "2025-07-16T01:39:33.744637+00:00", "symbol": "DOGE-USD"}, {"trade_id": 139203409, "side": "buy", "size": "10.50000000", "price": "0.20033000", "time": "2025-07-16T01:36:03.642795Z", "fetched_at": "2025-07-16T01:39:33.744637+00:00", "symbol": "DOGE-USD"}, {"trade_id": 139203408, "side": "buy", "size": "4.50000000", "price": "0.20034000", "time": "2025-07-16T01:36:03.642795Z", "fetched_at": "2025-07-16T01:39:33.744637+00:00", "symbol": "DOGE-USD"}, {"trade_id": 139203407, "side": "buy", "size": "1.00000000", "price": "0.20034000", "time": "2025-07-16T01:36:03.277487Z", "fetched_at": "2025-07-16T01:39:33.744637+00:00", "symbol": "DOGE-USD"}, {"trade_id": 139203406, "side": "buy", "size": "869.80000000", "price": "0.20037000", "time": "2025-07-16T01:36:02.751159Z", "fetched_at": "2025-07-16T01:39:33.744637+00:00", "symbol": "DOGE-USD"}, {"trade_id": 139203405, "side": "buy", "size": "21.20000000", "price": "0.20038000", "time": "2025-07-16T01:36:02.751002Z", "fetched_at": "2025-07-16T01:39:33.744637+00:00", "symbol": "DOGE-USD"}, {"trade_id": 139203404, "side": "buy", "size": "869.80000000", "price": "0.20038000", "time": "2025-07-16T01:36:02.751002Z", "fetched_at": "2025-07-16T01:39:33.744637+00:00", "symbol": "DOGE-USD"}, {"trade_id": 139203403, "side": "buy", "size": "111.40000000", "price": "0.20035000", "time": "2025-07-16T01:36:01.010439Z", "fetched_at": "2025-07-16T01:39:33.744637+00:00", "symbol": "DOGE-USD"}, {"trade_id": 139203402, "side": "buy", "size": "10.80000000", "price": "0.20036000", "time": "2025-07-16T01:36:01.010439Z", "fetched_at": "2025-07-16T01:39:33.744637+00:00", "symbol": "DOGE-USD"}, {"trade_id": 139203401, "side": "buy", "size": "5.50000000", "price": "0.20036000", "time": "2025-07-16T01:36:01.010439Z", "fetched_at": "2025-07-16T01:39:33.744637+00:00", "symbol": "DOGE-USD"}, {"trade_id": 139203400, "side": "buy", "size": "5.50000000", "price": "0.20038000", "time": "2025-07-16T01:36:01.010439Z", "fetched_at": "2025-07-16T01:39:33.744637+00:00", "symbol": "DOGE-USD"}, {"trade_id": 139203399, "side": "buy", "size": "5.50000000", "price": "0.20040000", "time": "2025-07-16T01:36:01.010439Z", "fetched_at": "2025-07-16T01:39:33.744637+00:00", "symbol": "DOGE-USD"}, {"trade_id": 139203398, "side": "buy", "size": "5.50000000", "price": "0.20042000", "time": "2025-07-16T01:36:00.955631Z", "fetched_at": "2025-07-16T01:39:33.744637+00:00", "symbol": "DOGE-USD"}, {"trade_id": 139203397, "side": "buy", "size": "5.50000000", "price": "0.20044000", "time": "2025-07-16T01:36:00.856150Z", "fetched_at": "2025-07-16T01:39:33.744637+00:00", "symbol": "DOGE-USD"}, {"trade_id": 139203396, "side": "buy", "size": "5.50000000", "price": "0.20046000", "time": "2025-07-16T01:36:00.792198Z", "fetched_at": "2025-07-16T01:39:33.744637+00:00", "symbol": "DOGE-USD"}, {"trade_id": 139203395, "side": "sell", "size": "620.60000000", "price": "0.20051000", "time": "2025-07-16T01:36:00.703307Z", "fetched_at": "2025-07-16T01:39:33.744637+00:00", "symbol": "DOGE-USD"}, {"trade_id": 139203394, "side": "sell", "size": "1593.00000000", "price": "0.20051000", "time": "2025-07-16T01:36:00.703307Z", "fetched_at": "2025-07-16T01:39:33.744637+00:00", "symbol": "DOGE-USD"}, {"trade_id": 139203393, "side": "sell", "size": "869.80000000", "price": "0.20050000", "time": "2025-07-16T01:36:00.703307Z", "fetched_at": "2025-07-16T01:39:33.744637+00:00", "symbol": "DOGE-USD"}, {"trade_id": 139203392, "side": "sell", "size": "55.90000000", "price": "0.20050000", "time": "2025-07-16T01:36:00.703307Z", "fetched_at": "2025-07-16T01:39:33.744637+00:00", "symbol": "DOGE-USD"}, {"trade_id": 139203391, "side": "sell", "size": "500.00000000", "price": "0.20050000", "time": "2025-07-16T01:36:00.703307Z", "fetched_at": "2025-07-16T01:39:33.744637+00:00", "symbol": "DOGE-USD"}, {"trade_id": 139203390, "side": "sell", "size": "1593.00000000", "price": "0.20047000", "time": "2025-07-16T01:36:00.703307Z", "fetched_at": "2025-07-16T01:39:33.744637+00:00", "symbol": "DOGE-USD"}, {"trade_id": 139203389, "side": "sell", "size": "1562.30000000", "price": "0.20047000", "time": "2025-07-16T01:36:00.703307Z", "fetched_at": "2025-07-16T01:39:33.744637+00:00", "symbol": "DOGE-USD"}, {"trade_id": 139203388, "side": "sell", "size": "319.00000000", "price": "0.20047000", "time": "2025-07-16T01:36:00.703307Z", "fetched_at": "2025-07-16T01:39:33.744637+00:00", "symbol": "DOGE-USD"}, {"trade_id": 139203387, "side": "sell", "size": "308.90000000", "price": "0.20047000", "time": "2025-07-16T01:36:00.703307Z", "fetched_at": "2025-07-16T01:39:33.744637+00:00", "symbol": "DOGE-USD"}, {"trade_id": 139203386, "side": "buy", "size": "5.50000000", "price": "0.20048000", "time": "2025-07-16T01:36:00.607389Z", "fetched_at": "2025-07-16T01:39:33.744637+00:00", "symbol": "DOGE-USD"}, {"trade_id": 139203385, "side": "buy", "size": "5.50000000", "price": "0.20050000", "time": "2025-07-16T01:36:00.446369Z", "fetched_at": "2025-07-16T01:39:33.744637+00:00", "symbol": "DOGE-USD"}, {"trade_id": 139203384, "side": "buy", "size": "5.50000000", "price": "0.20052000", "time": "2025-07-16T01:35:55.576035Z", "fetched_at": "2025-07-16T01:39:33.744637+00:00", "symbol": "DOGE-USD"}, {"trade_id": 139203383, "side": "sell", "size": "236.40000000", "price": "0.20053000", "time": "2025-07-16T01:35:54.001711Z", "fetched_at": "2025-07-16T01:39:33.744637+00:00", "symbol": "DOGE-USD"}, {"trade_id": 139203382, "side": "buy", "size": "868.90000000", "price": "0.20054000", "time": "2025-07-16T01:35:53.343343Z", "fetched_at": "2025-07-16T01:39:33.744637+00:00", "symbol": "DOGE-USD"}, {"trade_id": 139203381, "side": "buy", "size": "5.50000000", "price": "0.20054000", "time": "2025-07-16T01:35:53.343343Z", "fetched_at": "2025-07-16T01:39:33.744637+00:00", "symbol": "DOGE-USD"}, {"trade_id": 139203380, "side": "buy", "size": "700.00000000", "price": "0.20055000", "time": "2025-07-16T01:35:53.341516Z", "fetched_at": "2025-07-16T01:39:33.744637+00:00", "symbol": "DOGE-USD"}, {"trade_id": 139203379, "side": "buy", "size": "169.80000000", "price": "0.20055000", "time": "2025-07-16T01:35:53.340158Z", "fetched_at": "2025-07-16T01:39:33.744637+00:00", "symbol": "DOGE-USD"}, {"trade_id": 139203378, "side": "buy", "size": "700.00000000", "price": "0.20056000", "time": "2025-07-16T01:35:53.340158Z", "fetched_at": "2025-07-16T01:39:33.744637+00:00", "symbol": "DOGE-USD"}, {"trade_id": 139203377, "side": "buy", "size": "1639.20000000", "price": "0.20056000", "time": "2025-07-16T01:35:53.339634Z", "fetched_at": "2025-07-16T01:39:33.744637+00:00", "symbol": "DOGE-USD"}, {"trade_id": 139203376, "side": "buy", "size": "20.80000000", "price": "0.20057000", "time": "2025-07-16T01:35:53.339634Z", "fetched_at": "2025-07-16T01:39:33.744637+00:00", "symbol": "DOGE-USD"}, {"trade_id": 139203375, "side": "buy", "size": "2697.40000000", "price": "0.20058000", "time": "2025-07-16T01:35:50.735100Z", "fetched_at": "2025-07-16T01:39:33.744637+00:00", "symbol": "DOGE-USD"}, {"trade_id": 139203374, "side": "buy", "size": "21.20000000", "price": "0.20059000", "time": "2025-07-16T01:35:50.735100Z", "fetched_at": "2025-07-16T01:39:33.744637+00:00", "symbol": "DOGE-USD"}, {"trade_id": 139203373, "side": "buy", "size": "868.90000000", "price": "0.20059000", "time": "2025-07-16T01:35:50.735100Z", "fetched_at": "2025-07-16T01:39:33.744637+00:00", "symbol": "DOGE-USD"}, {"trade_id": 139203372, "side": "buy", "size": "1386.90000000", "price": "0.20059000", "time": "2025-07-16T01:35:50.735100Z", "fetched_at": "2025-07-16T01:39:33.744637+00:00", "symbol": "DOGE-USD"}, {"trade_id": 139203371, "side": "sell", "size": "23.00000000", "price": "0.20056000", "time": "2025-07-16T01:35:49.979545Z", "fetched_at": "2025-07-16T01:39:33.744637+00:00", "symbol": "DOGE-USD"}, {"trade_id": 139203370, "side": "sell", "size": "246.60000000", "price": "0.20055000", "time": "2025-07-16T01:35:47.810738Z", "fetched_at": "2025-07-16T01:39:33.744637+00:00", "symbol": "DOGE-USD"}, {"trade_id": 139203369, "side": "buy", "size": "19.80000000", "price": "0.20055000", "time": "2025-07-16T01:35:47.531518Z", "fetched_at": "2025-07-16T01:39:33.744637+00:00", "symbol": "DOGE-USD"}, {"trade_id": 139203368, "side": "buy", "size": "5.50000000", "price": "0.20056000", "time": "2025-07-16T01:35:47.527859Z", "fetched_at": "2025-07-16T01:39:33.744637+00:00", "symbol": "DOGE-USD"}, {"trade_id": 139203367, "side": "sell", "size": "121.00000000", "price": "0.20061000", "time": "2025-07-16T01:35:39.710922Z", "fetched_at": "2025-07-16T01:39:33.744637+00:00", "symbol": "DOGE-USD"}, {"trade_id": 139203366, "side": "sell", "size": "123.30000000", "price": "0.20061000", "time": "2025-07-16T01:35:39.474164Z", "fetched_at": "2025-07-16T01:39:33.744637+00:00", "symbol": "DOGE-USD"}, {"trade_id": 139203365, "side": "buy", "size": "494.70000000", "price": "0.20062000", "time": "2025-07-16T01:35:38.173595Z", "fetched_at": "2025-07-16T01:39:33.744637+00:00", "symbol": "DOGE-USD"}, {"trade_id": 139203364, "side": "sell", "size": "65.30000000", "price": "0.20068000", "time": "2025-07-16T01:35:35.705689Z", "fetched_at": "2025-07-16T01:39:33.744637+00:00", "symbol": "DOGE-USD"}, {"trade_id": 139203363, "side": "sell", "size": "55.70000000", "price": "0.20067000", "time": "2025-07-16T01:35:35.705689Z", "fetched_at": "2025-07-16T01:39:33.744637+00:00", "symbol": "DOGE-USD"}, {"trade_id": 139203362, "side": "sell", "size": "462.20000000", "price": "0.20068000", "time": "2025-07-16T01:35:32.631722Z", "fetched_at": "2025-07-16T01:39:33.744637+00:00", "symbol": "DOGE-USD"}, {"trade_id": 139203361, "side": "sell", "size": "22.00000000", "price": "0.20068000", "time": "2025-07-16T01:35:32.631722Z", "fetched_at": "2025-07-16T01:39:33.744637+00:00", "symbol": "DOGE-USD"}, {"trade_id": 139203360, "side": "buy", "size": "161.90000000", "price": "0.20073000", "time": "2025-07-16T01:35:27.677971Z", "fetched_at": "2025-07-16T01:39:33.744637+00:00", "symbol": "DOGE-USD"}, {"trade_id": 139203359, "side": "buy", "size": "27.40000000", "price": "0.20073000", "time": "2025-07-16T01:35:27.677971Z", "fetched_at": "2025-07-16T01:39:33.744637+00:00", "symbol": "DOGE-USD"}, {"trade_id": 139203358, "side": "buy", "size": "59.80000000", "price": "0.20073000", "time": "2025-07-16T01:35:27.677971Z", "fetched_at": "2025-07-16T01:39:33.744637+00:00", "symbol": "DOGE-USD"}, {"trade_id": 139203357, "side": "sell", "size": "4.70000000", "price": "0.20075000", "time": "2025-07-16T01:35:26.248872Z", "fetched_at": "2025-07-16T01:39:33.744637+00:00", "symbol": "DOGE-USD"}, {"trade_id": 139203356, "side": "sell", "size": "505.90000000", "price": "0.20071000", "time": "2025-07-16T01:35:19.645712Z", "fetched_at": "2025-07-16T01:39:33.744637+00:00", "symbol": "DOGE-USD"}, {"trade_id": 139203355, "side": "sell", "size": "57.20000000", "price": "0.20073000", "time": "2025-07-16T01:35:18.615266Z", "fetched_at": "2025-07-16T01:39:33.744637+00:00", "symbol": "DOGE-USD"}, {"trade_id": 139203354, "side": "buy", "size": "836.30000000", "price": "0.20066000", "time": "2025-07-16T01:35:15.316080Z", "fetched_at": "2025-07-16T01:39:33.744637+00:00", "symbol": "DOGE-USD"}, {"trade_id": 139203353, "side": "buy", "size": "3337.40000000", "price": "0.20066000", "time": "2025-07-16T01:35:15.316080Z", "fetched_at": "2025-07-16T01:39:33.744637+00:00", "symbol": "DOGE-USD"}, {"trade_id": 139203352, "side": "buy", "size": "1593.00000000", "price": "0.20067000", "time": "2025-07-16T01:35:15.316080Z", "fetched_at": "2025-07-16T01:39:33.744637+00:00", "symbol": "DOGE-USD"}, {"trade_id": 139203351, "side": "buy", "size": "700.00000000", "price": "0.20068000", "time": "2025-07-16T01:35:15.316080Z", "fetched_at": "2025-07-16T01:39:33.744637+00:00", "symbol": "DOGE-USD"}, {"trade_id": 139203350, "side": "buy", "size": "866.30000000", "price": "0.20069000", "time": "2025-07-16T01:35:15.316080Z", "fetched_at": "2025-07-16T01:39:33.744637+00:00", "symbol": "DOGE-USD"}, {"trade_id": 139203349, "side": "buy", "size": "21.10000000", "price": "0.20070000", "time": "2025-07-16T01:35:15.316080Z", "fetched_at": "2025-07-16T01:39:33.744637+00:00", "symbol": "DOGE-USD"}, {"trade_id": 139203348, "side": "buy", "size": "79.60000000", "price": "0.20071000", "time": "2025-07-16T01:35:15.316080Z", "fetched_at": "2025-07-16T01:39:33.744637+00:00", "symbol": "DOGE-USD"}, {"trade_id": 139203347, "side": "sell", "size": "30.30000000", "price": "0.20072000", "time": "2025-07-16T01:35:08.956700Z", "fetched_at": "2025-07-16T01:39:33.744637+00:00", "symbol": "DOGE-USD"}, {"trade_id": 139203346, "side": "sell", "size": "1411.40000000", "price": "0.20071000", "time": "2025-07-16T01:35:08.613200Z", "fetched_at": "2025-07-16T01:39:33.744637+00:00", "symbol": "DOGE-USD"}, {"trade_id": 139203345, "side": "buy", "size": "75.50000000", "price": "0.20071000", "time": "2025-07-16T01:35:07.106241Z", "fetched_at": "2025-07-16T01:39:33.744637+00:00", "symbol": "DOGE-USD"}, {"trade_id": 139203344, "side": "sell", "size": "55.90000000", "price": "0.20070000", "time": "2025-07-16T01:35:07.033120Z", "fetched_at": "2025-07-16T01:39:33.744637+00:00", "symbol": "DOGE-USD"}, {"trade_id": 139203343, "side": "sell", "size": "866.30000000", "price": "0.20071000", "time": "2025-07-16T01:35:07.025211Z", "fetched_at": "2025-07-16T01:39:33.744637+00:00", "symbol": "DOGE-USD"}, {"trade_id": 139203342, "side": "sell", "size": "3681.60000000", "price": "0.20071000", "time": "2025-07-16T01:35:07.025211Z", "fetched_at": "2025-07-16T01:39:33.744637+00:00", "symbol": "DOGE-USD"}, {"trade_id": 139203341, "side": "sell", "size": "700.00000000", "price": "0.20070000", "time": "2025-07-16T01:35:07.022174Z", "fetched_at": "2025-07-16T01:39:33.744637+00:00", "symbol": "DOGE-USD"}, {"trade_id": 139203340, "side": "sell", "size": "55.90000000", "price": "0.20070000", "time": "2025-07-16T01:35:07.022174Z", "fetched_at": "2025-07-16T01:39:33.744637+00:00", "symbol": "DOGE-USD"}, {"trade_id": 139203339, "side": "sell", "size": "866.30000000", "price": "0.20070000", "time": "2025-07-16T01:35:07.022174Z", "fetched_at": "2025-07-16T01:39:33.744637+00:00", "symbol": "DOGE-USD"}, {"trade_id": 139203338, "side": "sell", "size": "4.80000000", "price": "0.20069000", "time": "2025-07-16T01:35:06.516550Z", "fetched_at": "2025-07-16T01:39:33.744637+00:00", "symbol": "DOGE-USD"}, {"trade_id": 139203337, "side": "sell", "size": "17.30000000", "price": "0.20068000", "time": "2025-07-16T01:35:06.455260Z", "fetched_at": "2025-07-16T01:39:33.744637+00:00", "symbol": "DOGE-USD"}, {"trade_id": 139203336, "side": "sell", "size": "1580.30000000", "price": "0.20067000", "time": "2025-07-16T01:35:06.218664Z", "fetched_at": "2025-07-16T01:39:33.744637+00:00", "symbol": "DOGE-USD"}, {"trade_id": 139203335, "side": "sell", "size": "26.10000000", "price": "0.20067000", "time": "2025-07-16T01:35:04.687995Z", "fetched_at": "2025-07-16T01:39:33.744637+00:00", "symbol": "DOGE-USD"}, {"trade_id": 139203334, "side": "sell", "size": "1606.30000000", "price": "0.20067000", "time": "2025-07-16T01:35:04.687995Z", "fetched_at": "2025-07-16T01:39:33.744637+00:00", "symbol": "DOGE-USD"}, {"trade_id": 139203333, "side": "sell", "size": "17.30000000", "price": "0.20067000", "time": "2025-07-16T01:35:03.033826Z", "fetched_at": "2025-07-16T01:39:33.744637+00:00", "symbol": "DOGE-USD"}, {"trade_id": 139203332, "side": "sell", "size": "339.80000000", "price": "0.20067000", "time": "2025-07-16T01:35:03.015280Z", "fetched_at": "2025-07-16T01:39:33.744637+00:00", "symbol": "DOGE-USD"}, {"trade_id": 139203331, "side": "sell", "size": "319.00000000", "price": "0.20068000", "time": "2025-07-16T01:35:03.004817Z", "fetched_at": "2025-07-16T01:39:33.744637+00:00", "symbol": "DOGE-USD"}, {"trade_id": 139203330, "side": "sell", "size": "339.80000000", "price": "0.20070000", "time": "2025-07-16T01:35:02.977620Z", "fetched_at": "2025-07-16T01:39:33.744637+00:00", "symbol": "DOGE-USD"}, {"trade_id": 139203329, "side": "sell", "size": "866.30000000", "price": "0.20072000", "time": "2025-07-16T01:35:00.337963Z", "fetched_at": "2025-07-16T01:39:33.744637+00:00", "symbol": "DOGE-USD"}, {"trade_id": 139203328, "side": "sell", "size": "1921.70000000", "price": "0.20072000", "time": "2025-07-16T01:35:00.337963Z", "fetched_at": "2025-07-16T01:39:33.744637+00:00", "symbol": "DOGE-USD"}, {"trade_id": 139203327, "side": "sell", "size": "339.80000000", "price": "0.20068000", "time": "2025-07-16T01:34:59.623697Z", "fetched_at": "2025-07-16T01:39:33.744637+00:00", "symbol": "DOGE-USD"}, {"trade_id": 139203326, "side": "sell", "size": "339.80000000", "price": "0.20068000", "time": "2025-07-16T01:34:59.564326Z", "fetched_at": "2025-07-16T01:39:33.744637+00:00", "symbol": "DOGE-USD"}, {"trade_id": 139203325, "side": "sell", "size": "1351.70000000", "price": "0.20072000", "time": "2025-07-16T01:34:57.937606Z", "fetched_at": "2025-07-16T01:39:33.744637+00:00", "symbol": "DOGE-USD"}, {"trade_id": 139203324, "side": "sell", "size": "17.40000000", "price": "0.20075000", "time": "2025-07-16T01:34:55.569471Z", "fetched_at": "2025-07-16T01:39:33.744637+00:00", "symbol": "DOGE-USD"}, {"trade_id": 139203323, "side": "sell", "size": "866.30000000", "price": "0.20075000", "time": "2025-07-16T01:34:55.569471Z", "fetched_at": "2025-07-16T01:39:33.744637+00:00", "symbol": "DOGE-USD"}, {"trade_id": 139203322, "side": "sell", "size": "700.00000000", "price": "0.20072000", "time": "2025-07-16T01:34:54.421185Z", "fetched_at": "2025-07-16T01:39:33.744637+00:00", "symbol": "DOGE-USD"}, {"trade_id": 139203321, "side": "sell", "size": "34.90000000", "price": "0.20072000", "time": "2025-07-16T01:34:54.421185Z", "fetched_at": "2025-07-16T01:39:33.744637+00:00", "symbol": "DOGE-USD"}, {"trade_id": 139203320, "side": "sell", "size": "305.00000000", "price": "0.20067000", "time": "2025-07-16T01:34:52.151954Z", "fetched_at": "2025-07-16T01:39:33.744637+00:00", "symbol": "DOGE-USD"}, {"trade_id": 139203319, "side": "sell", "size": "339.80000000", "price": "0.20069000", "time": "2025-07-16T01:34:52.093421Z", "fetched_at": "2025-07-16T01:39:33.744637+00:00", "symbol": "DOGE-USD"}, {"trade_id": 139203318, "side": "sell", "size": "339.80000000", "price": "0.20069000", "time": "2025-07-16T01:34:51.966375Z", "fetched_at": "2025-07-16T01:39:33.744637+00:00", "symbol": "DOGE-USD"}, {"trade_id": 139203317, "side": "buy", "size": "25075.60000000", "price": "0.20051000", "time": "2025-07-16T01:34:51.953521Z", "fetched_at": "2025-07-16T01:39:33.744637+00:00", "symbol": "DOGE-USD"}, {"trade_id": 139203316, "side": "buy", "size": "6816.90000000", "price": "0.20051000", "time": "2025-07-16T01:34:51.953521Z", "fetched_at": "2025-07-16T01:39:33.744637+00:00", "symbol": "DOGE-USD"}, {"trade_id": 139203315, "side": "buy", "size": "1593.00000000", "price": "0.20051000", "time": "2025-07-16T01:34:51.953521Z", "fetched_at": "2025-07-16T01:39:33.744637+00:00", "symbol": "DOGE-USD"}, {"trade_id": 139203314, "side": "buy", "size": "5.50000000", "price": "0.20052000", "time": "2025-07-16T01:34:51.953521Z", "fetched_at": "2025-07-16T01:39:33.744637+00:00", "symbol": "DOGE-USD"}, {"trade_id": 139203313, "side": "buy", "size": "4017.80000000", "price": "0.20053000", "time": "2025-07-16T01:34:51.953521Z", "fetched_at": "2025-07-16T01:39:33.744637+00:00", "symbol": "DOGE-USD"}, {"trade_id": 139203312, "side": "buy", "size": "6813.90000000", "price": "0.20053000", "time": "2025-07-16T01:34:51.953521Z", "fetched_at": "2025-07-16T01:39:33.744637+00:00", "symbol": "DOGE-USD"}, {"trade_id": 139203311, "side": "buy", "size": "3739.90000000", "price": "0.20054000", "time": "2025-07-16T01:34:51.953521Z", "fetched_at": "2025-07-16T01:39:33.744637+00:00", "symbol": "DOGE-USD"}, {"trade_id": 139203310, "side": "buy", "size": "4909.00000000", "price": "0.20054000", "time": "2025-07-16T01:34:51.953521Z", "fetched_at": "2025-07-16T01:39:33.744637+00:00", "symbol": "DOGE-USD"}, {"trade_id": 139203309, "side": "buy", "size": "12758.30000000", "price": "0.20054000", "time": "2025-07-16T01:34:51.953521Z", "fetched_at": "2025-07-16T01:39:33.744637+00:00", "symbol": "DOGE-USD"}, {"trade_id": 139203308, "side": "buy", "size": "5.50000000", "price": "0.20054000", "time": "2025-07-16T01:34:51.953521Z", "fetched_at": "2025-07-16T01:39:33.744637+00:00", "symbol": "DOGE-USD"}, {"trade_id": 139203307, "side": "buy", "size": "6813.90000000", "price": "0.20055000", "time": "2025-07-16T01:34:51.953521Z", "fetched_at": "2025-07-16T01:39:33.744637+00:00", "symbol": "DOGE-USD"}, {"trade_id": 139203306, "side": "buy", "size": "1593.00000000", "price": "0.20055000", "time": "2025-07-16T01:34:51.953521Z", "fetched_at": "2025-07-16T01:39:33.744637+00:00", "symbol": "DOGE-USD"}, {"trade_id": 139203305, "side": "buy", "size": "5.50000000", "price": "0.20056000", "time": "2025-07-16T01:34:51.953521Z", "fetched_at": "2025-07-16T01:39:33.744637+00:00", "symbol": "DOGE-USD"}, {"trade_id": 139203304, "side": "buy", "size": "6813.90000000", "price": "0.20057000", "time": "2025-07-16T01:34:51.953521Z", "fetched_at": "2025-07-16T01:39:33.744637+00:00", "symbol": "DOGE-USD"}, {"trade_id": 139203303, "side": "buy", "size": "2989.60000000", "price": "0.20058000", "time": "2025-07-16T01:34:51.953521Z", "fetched_at": "2025-07-16T01:39:33.744637+00:00", "symbol": "DOGE-USD"}, {"trade_id": 139203302, "side": "buy", "size": "6813.90000000", "price": "0.20058000", "time": "2025-07-16T01:34:51.953521Z", "fetched_at": "2025-07-16T01:39:33.744637+00:00", "symbol": "DOGE-USD"}, {"trade_id": 139203301, "side": "buy", "size": "1593.00000000", "price": "0.20058000", "time": "2025-07-16T01:34:51.953521Z", "fetched_at": "2025-07-16T01:39:33.744637+00:00", "symbol": "DOGE-USD"}, {"trade_id": 139203300, "side": "buy", "size": "5.50000000", "price": "0.20058000", "time": "2025-07-16T01:34:51.953521Z", "fetched_at": "2025-07-16T01:39:33.744637+00:00", "symbol": "DOGE-USD"}, {"trade_id": 139203299, "side": "buy", "size": "1982.40000000", "price": "0.20060000", "time": "2025-07-16T01:34:51.953521Z", "fetched_at": "2025-07-16T01:39:33.744637+00:00", "symbol": "DOGE-USD"}, {"trade_id": 139203298, "side": "buy", "size": "6813.90000000", "price": "0.20060000", "time": "2025-07-16T01:34:51.953521Z", "fetched_at": "2025-07-16T01:39:33.744637+00:00", "symbol": "DOGE-USD"}, {"trade_id": 139203297, "side": "buy", "size": "5.50000000", "price": "0.20060000", "time": "2025-07-16T01:34:51.953521Z", "fetched_at": "2025-07-16T01:39:33.744637+00:00", "symbol": "DOGE-USD"}, {"trade_id": 139203296, "side": "buy", "size": "17961.30000000", "price": "0.20061000", "time": "2025-07-16T01:34:51.953521Z", "fetched_at": "2025-07-16T01:39:33.744637+00:00", "symbol": "DOGE-USD"}, {"trade_id": 139203295, "side": "buy", "size": "1593.00000000", "price": "0.20061000", "time": "2025-07-16T01:34:51.953521Z", "fetched_at": "2025-07-16T01:39:33.744637+00:00", "symbol": "DOGE-USD"}, {"trade_id": 139203294, "side": "buy", "size": "6883.50000000", "price": "0.20062000", "time": "2025-07-16T01:34:51.953521Z", "fetched_at": "2025-07-16T01:39:33.744637+00:00", "symbol": "DOGE-USD"}, {"trade_id": 139203293, "side": "buy", "size": "2000.00000000", "price": "0.20062000", "time": "2025-07-16T01:34:51.953521Z", "fetched_at": "2025-07-16T01:39:33.744637+00:00", "symbol": "DOGE-USD"}, {"trade_id": 139203292, "side": "buy", "size": "6813.90000000", "price": "0.20062000", "time": "2025-07-16T01:34:51.953521Z", "fetched_at": "2025-07-16T01:39:33.744637+00:00", "symbol": "DOGE-USD"}, {"trade_id": 139203291, "side": "buy", "size": "100.00000000", "price": "0.20063000", "time": "2025-07-16T01:34:51.953521Z", "fetched_at": "2025-07-16T01:39:33.744637+00:00", "symbol": "DOGE-USD"}, {"trade_id": 139203290, "side": "buy", "size": "1315.90000000", "price": "0.20063000", "time": "2025-07-16T01:34:51.953521Z", "fetched_at": "2025-07-16T01:39:33.744637+00:00", "symbol": "DOGE-USD"}, {"trade_id": 139203289, "side": "buy", "size": "1992.90000000", "price": "0.20063000", "time": "2025-07-16T01:34:51.953521Z", "fetched_at": "2025-07-16T01:39:33.744637+00:00", "symbol": "DOGE-USD"}, {"trade_id": 139203288, "side": "buy", "size": "4088.30000000", "price": "0.20063000", "time": "2025-07-16T01:34:51.953521Z", "fetched_at": "2025-07-16T01:39:33.744637+00:00", "symbol": "DOGE-USD"}, {"trade_id": 139203287, "side": "buy", "size": "9479.50000000", "price": "0.20063000", "time": "2025-07-16T01:34:51.953521Z", "fetched_at": "2025-07-16T01:39:33.744637+00:00", "symbol": "DOGE-USD"}, {"trade_id": 139203286, "side": "buy", "size": "2500.00000000", "price": "0.20064000", "time": "2025-07-16T01:34:51.953521Z", "fetched_at": "2025-07-16T01:39:33.744637+00:00", "symbol": "DOGE-USD"}, {"trade_id": 139203285, "side": "buy", "size": "6812.00000000", "price": "0.20064000", "time": "2025-07-16T01:34:51.953521Z", "fetched_at": "2025-07-16T01:39:33.744637+00:00", "symbol": "DOGE-USD"}, {"trade_id": 139203284, "side": "buy", "size": "3437.50000000", "price": "0.20064000", "time": "2025-07-16T01:34:51.953521Z", "fetched_at": "2025-07-16T01:39:33.744637+00:00", "symbol": "DOGE-USD"}, {"trade_id": 139203283, "side": "buy", "size": "3333.50000000", "price": "0.20064000", "time": "2025-07-16T01:34:51.953521Z", "fetched_at": "2025-07-16T01:39:33.744637+00:00", "symbol": "DOGE-USD"}, {"trade_id": 139203282, "side": "buy", "size": "5.50000000", "price": "0.20064000", "time": "2025-07-16T01:34:51.953521Z", "fetched_at": "2025-07-16T01:39:33.744637+00:00", "symbol": "DOGE-USD"}, {"trade_id": 139203281, "side": "buy", "size": "1593.00000000", "price": "0.20064000", "time": "2025-07-16T01:34:51.953521Z", "fetched_at": "2025-07-16T01:39:33.744637+00:00", "symbol": "DOGE-USD"}, {"trade_id": 139203280, "side": "buy", "size": "5046.30000000", "price": "0.20065000", "time": "2025-07-16T01:34:51.953521Z", "fetched_at": "2025-07-16T01:39:33.744637+00:00", "symbol": "DOGE-USD"}, {"trade_id": 139203279, "side": "buy", "size": "6811.30000000", "price": "0.20066000", "time": "2025-07-16T01:34:51.953521Z", "fetched_at": "2025-07-16T01:39:33.744637+00:00", "symbol": "DOGE-USD"}, {"trade_id": 139203278, "side": "buy", "size": "10000.00000000", "price": "0.20066000", "time": "2025-07-16T01:34:51.953521Z", "fetched_at": "2025-07-16T01:39:33.744637+00:00", "symbol": "DOGE-USD"}, {"trade_id": 139203277, "side": "buy", "size": "1634.70000000", "price": "0.20066000", "time": "2025-07-16T01:34:51.953521Z", "fetched_at": "2025-07-16T01:39:33.744637+00:00", "symbol": "DOGE-USD"}, {"trade_id": 139203276, "side": "buy", "size": "866.30000000", "price": "0.20067000", "time": "2025-07-16T01:34:51.953521Z", "fetched_at": "2025-07-16T01:39:33.744637+00:00", "symbol": "DOGE-USD"}, {"trade_id": 139203275, "side": "buy", "size": "1593.00000000", "price": "0.20067000", "time": "2025-07-16T01:34:51.953521Z", "fetched_at": "2025-07-16T01:39:33.744637+00:00", "symbol": "DOGE-USD"}, {"trade_id": 139203274, "side": "buy", "size": "21.30000000", "price": "0.20068000", "time": "2025-07-16T01:34:51.953521Z", "fetched_at": "2025-07-16T01:39:33.744637+00:00", "symbol": "DOGE-USD"}, {"trade_id": 139203273, "side": "buy", "size": "708.00000000", "price": "0.20070000", "time": "2025-07-16T01:34:51.953521Z", "fetched_at": "2025-07-16T01:39:33.744637+00:00", "symbol": "DOGE-USD"}, {"trade_id": 139203272, "side": "buy", "size": "305.00000000", "price": "0.20071000", "time": "2025-07-16T01:34:51.953521Z", "fetched_at": "2025-07-16T01:39:33.744637+00:00", "symbol": "DOGE-USD"}, {"trade_id": 139203271, "side": "buy", "size": "1485.80000000", "price": "0.20071000", "time": "2025-07-16T01:34:51.953521Z", "fetched_at": "2025-07-16T01:39:33.744637+00:00", "symbol": "DOGE-USD"}, {"trade_id": 139203270, "side": "sell", "size": "14.20000000", "price": "0.20072000", "time": "2025-07-16T01:34:50.743059Z", "fetched_at": "2025-07-16T01:39:33.744637+00:00", "symbol": "DOGE-USD"}, {"trade_id": 139203269, "side": "sell", "size": "866.30000000", "price": "0.20071000", "time": "2025-07-16T01:34:50.596467Z", "fetched_at": "2025-07-16T01:39:33.744637+00:00", "symbol": "DOGE-USD"}, {"trade_id": 139203268, "side": "sell", "size": "493.10000000", "price": "0.20070000", "time": "2025-07-16T01:34:50.349590Z", "fetched_at": "2025-07-16T01:39:33.744637+00:00", "symbol": "DOGE-USD"}, {"trade_id": 139203267, "side": "sell", "size": "1.40000000", "price": "0.20070000", "time": "2025-07-16T01:34:49.897185Z", "fetched_at": "2025-07-16T01:39:33.744637+00:00", "symbol": "DOGE-USD"}, {"trade_id": 139203266, "side": "sell", "size": "276.60000000", "price": "0.20068000", "time": "2025-07-16T01:34:49.075168Z", "fetched_at": "2025-07-16T01:39:33.744637+00:00", "symbol": "DOGE-USD"}, {"trade_id": 139203265, "side": "sell", "size": "1610.70000000", "price": "0.20074000", "time": "2025-07-16T01:34:48.869447Z", "fetched_at": "2025-07-16T01:39:33.744637+00:00", "symbol": "DOGE-USD"}, {"trade_id": 139203264, "side": "sell", "size": "55.90000000", "price": "0.20076000", "time": "2025-07-16T01:34:46.185052Z", "fetched_at": "2025-07-16T01:39:33.744637+00:00", "symbol": "DOGE-USD"}, {"trade_id": 139203263, "side": "sell", "size": "35.60000000", "price": "0.20076000", "time": "2025-07-16T01:34:46.174573Z", "fetched_at": "2025-07-16T01:39:33.744637+00:00", "symbol": "DOGE-USD"}, {"trade_id": 139203262, "side": "sell", "size": "5.50000000", "price": "0.20076000", "time": "2025-07-16T01:34:46.174573Z", "fetched_at": "2025-07-16T01:39:33.744637+00:00", "symbol": "DOGE-USD"}, {"trade_id": 139203261, "side": "sell", "size": "236.30000000", "price": "0.20075000", "time": "2025-07-16T01:34:46.105477Z", "fetched_at": "2025-07-16T01:39:33.744637+00:00", "symbol": "DOGE-USD"}, {"trade_id": 139203260, "side": "sell", "size": "5.50000000", "price": "0.20074000", "time": "2025-07-16T01:34:45.158366Z", "fetched_at": "2025-07-16T01:39:33.744637+00:00", "symbol": "DOGE-USD"}, {"trade_id": 139203259, "side": "sell", "size": "5.50000000", "price": "0.20072000", "time": "2025-07-16T01:34:44.983759Z", "fetched_at": "2025-07-16T01:39:33.744637+00:00", "symbol": "DOGE-USD"}, {"trade_id": 139203258, "side": "sell", "size": "5.50000000", "price": "0.20070000", "time": "2025-07-16T01:34:44.854010Z", "fetched_at": "2025-07-16T01:39:33.744637+00:00", "symbol": "DOGE-USD"}, {"trade_id": 139203257, "side": "sell", "size": "5.50000000", "price": "0.20068000", "time": "2025-07-16T01:34:44.434951Z", "fetched_at": "2025-07-16T01:39:33.744637+00:00", "symbol": "DOGE-USD"}, {"trade_id": 139203256, "side": "sell", "size": "55.90000000", "price": "0.20067000", "time": "2025-07-16T01:34:44.236056Z", "fetched_at": "2025-07-16T01:39:33.744637+00:00", "symbol": "DOGE-USD"}, {"trade_id": 139203255, "side": "sell", "size": "5.50000000", "price": "0.20066000", "time": "2025-07-16T01:34:44.236056Z", "fetched_at": "2025-07-16T01:39:33.744637+00:00", "symbol": "DOGE-USD"}, {"trade_id": 139203254, "side": "sell", "size": "34.60000000", "price": "0.20065000", "time": "2025-07-16T01:34:44.225711Z", "fetched_at": "2025-07-16T01:39:33.744637+00:00", "symbol": "DOGE-USD"}, {"trade_id": 139203253, "side": "sell", "size": "509.70000000", "price": "0.20061000", "time": "2025-07-16T01:34:43.901171Z", "fetched_at": "2025-07-16T01:39:33.744637+00:00", "symbol": "DOGE-USD"}, {"trade_id": 139203252, "side": "buy", "size": "866.30000000", "price": "0.20061000", "time": "2025-07-16T01:34:43.892573Z", "fetched_at": "2025-07-16T01:39:33.744637+00:00", "symbol": "DOGE-USD"}, {"trade_id": 139203251, "side": "buy", "size": "1308.20000000", "price": "0.20061000", "time": "2025-07-16T01:34:43.892573Z", "fetched_at": "2025-07-16T01:39:33.744637+00:00", "symbol": "DOGE-USD"}, {"trade_id": 139203250, "side": "buy", "size": "15.20000000", "price": "0.20062000", "time": "2025-07-16T01:34:43.891573Z", "fetched_at": "2025-07-16T01:39:33.744637+00:00", "symbol": "DOGE-USD"}, {"trade_id": 139203249, "side": "buy", "size": "693.60000000", "price": "0.20062000", "time": "2025-07-16T01:34:43.891573Z", "fetched_at": "2025-07-16T01:39:33.744637+00:00", "symbol": "DOGE-USD"}, {"trade_id": 139203248, "side": "buy", "size": "5.50000000", "price": "0.20062000", "time": "2025-07-16T01:34:43.891573Z", "fetched_at": "2025-07-16T01:39:33.744637+00:00", "symbol": "DOGE-USD"}, {"trade_id": 139203247, "side": "sell", "size": "48.10000000", "price": "0.20066000", "time": "2025-07-16T01:34:37.088672Z", "fetched_at": "2025-07-16T01:39:33.744637+00:00", "symbol": "DOGE-USD"}, {"trade_id": 139203246, "side": "sell", "size": "36.70000000", "price": "0.20065000", "time": "2025-07-16T01:34:36.224510Z", "fetched_at": "2025-07-16T01:39:33.744637+00:00", "symbol": "DOGE-USD"}, {"trade_id": 139203245, "side": "sell", "size": "17.30000000", "price": "0.20065000", "time": "2025-07-16T01:34:36.195361Z", "fetched_at": "2025-07-16T01:39:33.744637+00:00", "symbol": "DOGE-USD"}, {"trade_id": 139203244, "side": "buy", "size": "5.50000000", "price": "0.20064000", "time": "2025-07-16T01:34:32.644744Z", "fetched_at": "2025-07-16T01:39:33.744637+00:00", "symbol": "DOGE-USD"}, {"trade_id": 139203243, "side": "sell", "size": "197.20000000", "price": "0.20066000", "time": "2025-07-16T01:34:31.830926Z", "fetched_at": "2025-07-16T01:39:33.744637+00:00", "symbol": "DOGE-USD"}, {"trade_id": 139203242, "side": "buy", "size": "5.50000000", "price": "0.20066000", "time": "2025-07-16T01:34:31.498617Z", "fetched_at": "2025-07-16T01:39:33.744637+00:00", "symbol": "DOGE-USD"}, {"trade_id": 139203241, "side": "buy", "size": "866.30000000", "price": "0.20068000", "time": "2025-07-16T01:34:31.158241Z", "fetched_at": "2025-07-16T01:39:33.744637+00:00", "symbol": "DOGE-USD"}, {"trade_id": 139203240, "side": "buy", "size": "5.50000000", "price": "0.20068000", "time": "2025-07-16T01:34:31.158241Z", "fetched_at": "2025-07-16T01:39:33.744637+00:00", "symbol": "DOGE-USD"}, {"trade_id": 139203239, "side": "buy", "size": "19.50000000", "price": "0.20069000", "time": "2025-07-16T01:34:31.158241Z", "fetched_at": "2025-07-16T01:39:33.744637+00:00", "symbol": "DOGE-USD"}, {"trade_id": 139203238, "side": "buy", "size": "5.50000000", "price": "0.20070000", "time": "2025-07-16T01:34:31.155371Z", "fetched_at": "2025-07-16T01:39:33.744637+00:00", "symbol": "DOGE-USD"}, {"trade_id": 139203237, "side": "buy", "size": "5.50000000", "price": "0.20072000", "time": "2025-07-16T01:34:29.239245Z", "fetched_at": "2025-07-16T01:39:33.744637+00:00", "symbol": "DOGE-USD"}, {"trade_id": 139203236, "side": "buy", "size": "5.50000000", "price": "0.20074000", "time": "2025-07-16T01:34:29.183287Z", "fetched_at": "2025-07-16T01:39:33.744637+00:00", "symbol": "DOGE-USD"}, {"trade_id": 139203235, "side": "buy", "size": "5.50000000", "price": "0.20076000", "time": "2025-07-16T01:34:27.669689Z", "fetched_at": "2025-07-16T01:39:33.744637+00:00", "symbol": "DOGE-USD"}, {"trade_id": 139203234, "side": "sell", "size": "866.30000000", "price": "0.20080000", "time": "2025-07-16T01:34:27.214674Z", "fetched_at": "2025-07-16T01:39:33.744637+00:00", "symbol": "DOGE-USD"}, {"trade_id": 139203233, "side": "sell", "size": "21.30000000", "price": "0.20078000", "time": "2025-07-16T01:34:26.485694Z", "fetched_at": "2025-07-16T01:39:33.744637+00:00", "symbol": "DOGE-USD"}, {"trade_id": 139203232, "side": "sell", "size": "866.30000000", "price": "0.20078000", "time": "2025-07-16T01:34:24.553358Z", "fetched_at": "2025-07-16T01:39:33.744637+00:00", "symbol": "DOGE-USD"}, {"trade_id": 139203231, "side": "sell", "size": "1570.40000000", "price": "0.20078000", "time": "2025-07-16T01:34:24.553358Z", "fetched_at": "2025-07-16T01:39:33.744637+00:00", "symbol": "DOGE-USD"}, {"trade_id": 139203230, "side": "sell", "size": "34.50000000", "price": "0.20077000", "time": "2025-07-16T01:34:24.539234Z", "fetched_at": "2025-07-16T01:39:33.744637+00:00", "symbol": "DOGE-USD"}, {"trade_id": 139203229, "side": "sell", "size": "42.70000000", "price": "0.20077000", "time": "2025-07-16T01:34:22.224641Z", "fetched_at": "2025-07-16T01:39:33.744637+00:00", "symbol": "DOGE-USD"}, {"trade_id": 139203228, "side": "sell", "size": "55.90000000", "price": "0.20076000", "time": "2025-07-16T01:34:22.209464Z", "fetched_at": "2025-07-16T01:39:33.744637+00:00", "symbol": "DOGE-USD"}, {"trade_id": 139203227, "side": "sell", "size": "2989.30000000", "price": "0.20076000", "time": "2025-07-16T01:34:22.184956Z", "fetched_at": "2025-07-16T01:39:33.744637+00:00", "symbol": "DOGE-USD"}, {"trade_id": 139203226, "side": "sell", "size": "62.00000000", "price": "0.20075000", "time": "2025-07-16T01:34:19.279318Z", "fetched_at": "2025-07-16T01:39:33.744637+00:00", "symbol": "DOGE-USD"}, {"trade_id": 139203225, "side": "buy", "size": "5.50000000", "price": "0.20076000", "time": "2025-07-16T01:34:18.737236Z", "fetched_at": "2025-07-16T01:39:33.744637+00:00", "symbol": "DOGE-USD"}, {"trade_id": 139203224, "side": "sell", "size": "2.20000000", "price": "0.20077000", "time": "2025-07-16T01:34:17.764897Z", "fetched_at": "2025-07-16T01:39:33.744637+00:00", "symbol": "DOGE-USD"}, {"trade_id": 139203223, "side": "sell", "size": "339.80000000", "price": "0.20077000", "time": "2025-07-16T01:34:17.012698Z", "fetched_at": "2025-07-16T01:39:33.744637+00:00", "symbol": "DOGE-USD"}, {"trade_id": 139203222, "side": "sell", "size": "50.70000000", "price": "0.20077000", "time": "2025-07-16T01:34:16.971387Z", "fetched_at": "2025-07-16T01:39:33.744637+00:00", "symbol": "DOGE-USD"}, {"trade_id": 139203221, "side": "sell", "size": "34.50000000", "price": "0.20077000", "time": "2025-07-16T01:34:15.422706Z", "fetched_at": "2025-07-16T01:39:33.744637+00:00", "symbol": "DOGE-USD"}, {"trade_id": 139203220, "side": "buy", "size": "5.50000000", "price": "0.20078000", "time": "2025-07-16T01:34:13.834921Z", "fetched_at": "2025-07-16T01:39:33.744637+00:00", "symbol": "DOGE-USD"}, {"trade_id": 139203219, "side": "buy", "size": "5.50000000", "price": "0.20080000", "time": "2025-07-16T01:34:12.450469Z", "fetched_at": "2025-07-16T01:39:33.744637+00:00", "symbol": "DOGE-USD"}, {"trade_id": 139203218, "side": "buy", "size": "5.50000000", "price": "0.20082000", "time": "2025-07-16T01:34:11.851285Z", "fetched_at": "2025-07-16T01:39:33.744637+00:00", "symbol": "DOGE-USD"}, {"trade_id": 139203217, "side": "sell", "size": "339.80000000", "price": "0.20083000", "time": "2025-07-16T01:34:09.764978Z", "fetched_at": "2025-07-16T01:39:33.744637+00:00", "symbol": "DOGE-USD"}, {"trade_id": 139203216, "side": "sell", "size": "339.80000000", "price": "0.20083000", "time": "2025-07-16T01:34:09.722969Z", "fetched_at": "2025-07-16T01:39:33.744637+00:00", "symbol": "DOGE-USD"}, {"trade_id": 139203215, "side": "sell", "size": "351.00000000", "price": "0.20083000", "time": "2025-07-16T01:34:09.722969Z", "fetched_at": "2025-07-16T01:39:33.744637+00:00", "symbol": "DOGE-USD"}, {"trade_id": 139203214, "side": "buy", "size": "700.00000000", "price": "0.20083000", "time": "2025-07-16T01:34:09.624326Z", "fetched_at": "2025-07-16T01:39:33.744637+00:00", "symbol": "DOGE-USD"}, {"trade_id": 139203213, "side": "buy", "size": "18.90000000", "price": "0.20084000", "time": "2025-07-16T01:34:09.622005Z", "fetched_at": "2025-07-16T01:39:33.744637+00:00", "symbol": "DOGE-USD"}, {"trade_id": 139203212, "side": "buy", "size": "5.50000000", "price": "0.20084000", "time": "2025-07-16T01:34:09.622005Z", "fetched_at": "2025-07-16T01:39:33.744637+00:00", "symbol": "DOGE-USD"}, {"trade_id": 139203211, "side": "buy", "size": "0.20000000", "price": "0.20085000", "time": "2025-07-16T01:34:09.616419Z", "fetched_at": "2025-07-16T01:39:33.744637+00:00", "symbol": "DOGE-USD"}, {"trade_id": 139203210, "side": "buy", "size": "5.50000000", "price": "0.20086000", "time": "2025-07-16T01:34:09.612105Z", "fetched_at": "2025-07-16T01:39:33.744637+00:00", "symbol": "DOGE-USD"}, {"trade_id": 139203209, "side": "sell", "size": "339.80000000", "price": "0.20088000", "time": "2025-07-16T01:34:07.228456Z", "fetched_at": "2025-07-16T01:39:33.744637+00:00", "symbol": "DOGE-USD"}, {"trade_id": 139203208, "side": "buy", "size": "2000.00000000", "price": "0.20088000", "time": "2025-07-16T01:34:07.219527Z", "fetched_at": "2025-07-16T01:39:33.744637+00:00", "symbol": "DOGE-USD"}, {"trade_id": 139203207, "side": "buy", "size": "5.50000000", "price": "0.20088000", "time": "2025-07-16T01:34:07.219527Z", "fetched_at": "2025-07-16T01:39:33.744637+00:00", "symbol": "DOGE-USD"}, {"trade_id": 139203206, "side": "buy", "size": "22.50000000", "price": "0.20089000", "time": "2025-07-16T01:34:07.219527Z", "fetched_at": "2025-07-16T01:39:33.744637+00:00", "symbol": "DOGE-USD"}, {"trade_id": 139203205, "side": "buy", "size": "5.50000000", "price": "0.20090000", "time": "2025-07-16T01:34:07.219335Z", "fetched_at": "2025-07-16T01:39:33.744637+00:00", "symbol": "DOGE-USD"}, {"trade_id": 139203204, "side": "sell", "size": "160.00000000", "price": "0.20091000", "time": "2025-07-16T01:34:06.487581Z", "fetched_at": "2025-07-16T01:39:33.744637+00:00", "symbol": "DOGE-USD"}, {"trade_id": 139203203, "side": "buy", "size": "5.50000000", "price": "0.20092000", "time": "2025-07-16T01:34:05.495978Z", "fetched_at": "2025-07-16T01:39:33.744637+00:00", "symbol": "DOGE-USD"}, {"trade_id": 139203202, "side": "sell", "size": "339.80000000", "price": "0.20093000", "time": "2025-07-16T01:34:04.554382Z", "fetched_at": "2025-07-16T01:39:33.744637+00:00", "symbol": "DOGE-USD"}, {"trade_id": 139203201, "side": "buy", "size": "23.90000000", "price": "0.20094000", "time": "2025-07-16T01:34:04.545491Z", "fetched_at": "2025-07-16T01:39:33.744637+00:00", "symbol": "DOGE-USD"}, {"trade_id": 139203200, "side": "buy", "size": "5.50000000", "price": "0.20094000", "time": "2025-07-16T01:34:04.545491Z", "fetched_at": "2025-07-16T01:39:33.744637+00:00", "symbol": "DOGE-USD"}, {"trade_id": 139203199, "side": "buy", "size": "5.50000000", "price": "0.20096000", "time": "2025-07-16T01:34:04.542675Z", "fetched_at": "2025-07-16T01:39:33.744637+00:00", "symbol": "DOGE-USD"}, {"trade_id": 139203198, "side": "sell", "size": "306.60000000", "price": "0.20097000", "time": "2025-07-16T01:34:04.070940Z", "fetched_at": "2025-07-16T01:39:33.744637+00:00", "symbol": "DOGE-USD"}, {"trade_id": 139203197, "side": "sell", "size": "270.70000000", "price": "0.20099000", "time": "2025-07-16T01:34:03.655555Z", "fetched_at": "2025-07-16T01:39:33.744637+00:00", "symbol": "DOGE-USD"}, {"trade_id": 139203196, "side": "buy", "size": "787.40000000", "price": "0.20098000", "time": "2025-07-16T01:34:02.396763Z", "fetched_at": "2025-07-16T01:39:33.744637+00:00", "symbol": "DOGE-USD"}, {"trade_id": 139203195, "side": "buy", "size": "31.60000000", "price": "0.20100000", "time": "2025-07-16T01:34:02.396763Z", "fetched_at": "2025-07-16T01:39:33.744637+00:00", "symbol": "DOGE-USD"}, {"trade_id": 139203194, "side": "buy", "size": "12.70000000", "price": "0.20097000", "time": "2025-07-16T01:34:01.826798Z", "fetched_at": "2025-07-16T01:39:33.744637+00:00", "symbol": "DOGE-USD"}, {"trade_id": 139203193, "side": "buy", "size": "32.70000000", "price": "0.20098000", "time": "2025-07-16T01:34:01.826798Z", "fetched_at": "2025-07-16T01:39:33.744637+00:00", "symbol": "DOGE-USD"}, {"trade_id": 139203192, "side": "buy", "size": "5.50000000", "price": "0.20098000", "time": "2025-07-16T01:34:01.826798Z", "fetched_at": "2025-07-16T01:39:33.744637+00:00", "symbol": "DOGE-USD"}, {"trade_id": 139203191, "side": "sell", "size": "526.50000000", "price": "0.20099000", "time": "2025-07-16T01:34:01.633652Z", "fetched_at": "2025-07-16T01:39:33.744637+00:00", "symbol": "DOGE-USD"}, {"trade_id": 139203190, "side": "sell", "size": "351.00000000", "price": "0.20099000", "time": "2025-07-16T01:34:01.591455Z", "fetched_at": "2025-07-16T01:39:33.744637+00:00", "symbol": "DOGE-USD"}, {"trade_id": 139203189, "side": "sell", "size": "339.80000000", "price": "0.20099000", "time": "2025-07-16T01:34:01.591455Z", "fetched_at": "2025-07-16T01:39:33.744637+00:00", "symbol": "DOGE-USD"}, {"trade_id": 139203188, "side": "buy", "size": "5.50000000", "price": "0.20100000", "time": "2025-07-16T01:34:01.387978Z", "fetched_at": "2025-07-16T01:39:33.744637+00:00", "symbol": "DOGE-USD"}, {"trade_id": 139203187, "side": "buy", "size": "0.90000000", "price": "0.20101000", "time": "2025-07-16T01:34:01.162394Z", "fetched_at": "2025-07-16T01:39:33.744637+00:00", "symbol": "DOGE-USD"}, {"trade_id": 139203186, "side": "buy", "size": "5.50000000", "price": "0.20102000", "time": "2025-07-16T01:34:01.160224Z", "fetched_at": "2025-07-16T01:39:33.744637+00:00", "symbol": "DOGE-USD"}, {"trade_id": 139203185, "side": "sell", "size": "47.20000000", "price": "0.20103000", "time": "2025-07-16T01:34:00.924084Z", "fetched_at": "2025-07-16T01:39:33.744637+00:00", "symbol": "DOGE-USD"}, {"trade_id": 139203184, "side": "buy", "size": "5.50000000", "price": "0.20104000", "time": "2025-07-16T01:34:00.484279Z", "fetched_at": "2025-07-16T01:39:33.744637+00:00", "symbol": "DOGE-USD"}, {"trade_id": 139203183, "side": "sell", "size": "32.10000000", "price": "0.20108000", "time": "2025-07-16T01:33:58.378760Z", "fetched_at": "2025-07-16T01:39:33.744637+00:00", "symbol": "DOGE-USD"}, {"trade_id": 139203182, "side": "sell", "size": "1536.20000000", "price": "0.20107000", "time": "2025-07-16T01:33:57.585249Z", "fetched_at": "2025-07-16T01:39:33.744637+00:00", "symbol": "DOGE-USD"}, {"trade_id": 139203181, "side": "sell", "size": "12.50000000", "price": "0.20108000", "time": "2025-07-16T01:33:56.805747Z", "fetched_at": "2025-07-16T01:39:33.744637+00:00", "symbol": "DOGE-USD"}, {"trade_id": 139203180, "side": "sell", "size": "24.20000000", "price": "0.20108000", "time": "2025-07-16T01:33:56.520611Z", "fetched_at": "2025-07-16T01:39:33.744637+00:00", "symbol": "DOGE-USD"}, {"trade_id": 139203179, "side": "sell", "size": "526.70000000", "price": "0.20109000", "time": "2025-07-16T01:33:56.033571Z", "fetched_at": "2025-07-16T01:39:33.744637+00:00", "symbol": "DOGE-USD"}, {"trade_id": 139203178, "side": "sell", "size": "3653.30000000", "price": "0.20109000", "time": "2025-07-16T01:33:56.033571Z", "fetched_at": "2025-07-16T01:39:33.744637+00:00", "symbol": "DOGE-USD"}, {"trade_id": 139203177, "side": "sell", "size": "1403.30000000", "price": "0.20108000", "time": "2025-07-16T01:33:56.033571Z", "fetched_at": "2025-07-16T01:39:33.744637+00:00", "symbol": "DOGE-USD"}, {"trade_id": 139203176, "side": "sell", "size": "866.30000000", "price": "0.20108000", "time": "2025-07-16T01:33:56.033571Z", "fetched_at": "2025-07-16T01:39:33.744637+00:00", "symbol": "DOGE-USD"}, {"trade_id": 139203175, "side": "sell", "size": "866.30000000", "price": "0.20108000", "time": "2025-07-16T01:33:56.033571Z", "fetched_at": "2025-07-16T01:39:33.744637+00:00", "symbol": "DOGE-USD"}, {"trade_id": 139203174, "side": "sell", "size": "1593.00000000", "price": "0.20108000", "time": "2025-07-16T01:33:56.033571Z", "fetched_at": "2025-07-16T01:39:33.744637+00:00", "symbol": "DOGE-USD"}, {"trade_id": 139203173, "side": "sell", "size": "12758.30000000", "price": "0.20107000", "time": "2025-07-16T01:33:56.033571Z", "fetched_at": "2025-07-16T01:39:33.744637+00:00", "symbol": "DOGE-USD"}, {"trade_id": 139203172, "side": "sell", "size": "8.10000000", "price": "0.20106000", "time": "2025-07-16T01:33:56.033571Z", "fetched_at": "2025-07-16T01:39:33.744637+00:00", "symbol": "DOGE-USD"}, {"trade_id": 139203171, "side": "sell", "size": "3270.70000000", "price": "0.20106000", "time": "2025-07-16T01:33:56.033571Z", "fetched_at": "2025-07-16T01:39:33.744637+00:00", "symbol": "DOGE-USD"}, {"trade_id": 139203170, "side": "sell", "size": "1586.00000000", "price": "0.20106000", "time": "2025-07-16T01:33:56.033571Z", "fetched_at": "2025-07-16T01:39:33.744637+00:00", "symbol": "DOGE-USD"}, {"trade_id": 139203169, "side": "sell", "size": "1379.60000000", "price": "0.20105000", "time": "2025-07-16T01:33:56.033571Z", "fetched_at": "2025-07-16T01:39:33.744637+00:00", "symbol": "DOGE-USD"}, {"trade_id": 139203168, "side": "sell", "size": "17.20000000", "price": "0.20105000", "time": "2025-07-16T01:33:56.033571Z", "fetched_at": "2025-07-16T01:39:33.744637+00:00", "symbol": "DOGE-USD"}, {"trade_id": 139203167, "side": "sell", "size": "700.00000000", "price": "0.20105000", "time": "2025-07-16T01:33:56.033571Z", "fetched_at": "2025-07-16T01:39:33.744637+00:00", "symbol": "DOGE-USD"}, {"trade_id": 139203166, "side": "sell", "size": "351.00000000", "price": "0.20105000", "time": "2025-07-16T01:33:56.033571Z", "fetched_at": "2025-07-16T01:39:33.744637+00:00", "symbol": "DOGE-USD"}, {"trade_id": 139203165, "side": "sell", "size": "339.80000000", "price": "0.20105000", "time": "2025-07-16T01:33:56.033571Z", "fetched_at": "2025-07-16T01:39:33.744637+00:00", "symbol": "DOGE-USD"}, {"trade_id": 139203164, "side": "buy", "size": "10000.00000000", "price": "0.20106000", "time": "2025-07-16T01:33:55.765120Z", "fetched_at": "2025-07-16T01:39:33.744637+00:00", "symbol": "DOGE-USD"}, {"trade_id": 139203163, "side": "buy", "size": "5.50000000", "price": "0.20106000", "time": "2025-07-16T01:33:55.765120Z", "fetched_at": "2025-07-16T01:39:33.744637+00:00", "symbol": "DOGE-USD"}, {"trade_id": 139203162, "side": "buy", "size": "35.70000000", "price": "0.20107000", "time": "2025-07-16T01:33:55.765120Z", "fetched_at": "2025-07-16T01:39:33.744637+00:00", "symbol": "DOGE-USD"}, {"trade_id": 139203161, "side": "sell", "size": "34.50000000", "price": "0.20109000", "time": "2025-07-16T01:33:52.077512Z", "fetched_at": "2025-07-16T01:39:33.744637+00:00", "symbol": "DOGE-USD"}, {"trade_id": 139203160, "side": "sell", "size": "526.50000000", "price": "0.20108000", "time": "2025-07-16T01:33:51.820721Z", "fetched_at": "2025-07-16T01:39:33.744637+00:00", "symbol": "DOGE-USD"}, {"trade_id": 139203159, "side": "buy", "size": "2459.30000000", "price": "0.20106000", "time": "2025-07-16T01:33:51.820169Z", "fetched_at": "2025-07-16T01:39:33.744637+00:00", "symbol": "DOGE-USD"}, {"trade_id": 139203158, "side": "buy", "size": "5.50000000", "price": "0.20106000", "time": "2025-07-16T01:33:51.820169Z", "fetched_at": "2025-07-16T01:39:33.744637+00:00", "symbol": "DOGE-USD"}, {"trade_id": 139203157, "side": "buy", "size": "866.30000000", "price": "0.20107000", "time": "2025-07-16T01:33:51.819520Z", "fetched_at": "2025-07-16T01:39:33.744637+00:00", "symbol": "DOGE-USD"}, {"trade_id": 139203156, "side": "buy", "size": "866.30000000", "price": "0.20108000", "time": "2025-07-16T01:33:51.815909Z", "fetched_at": "2025-07-16T01:39:33.744637+00:00", "symbol": "DOGE-USD"}, {"trade_id": 139203155, "side": "buy", "size": "10000.00000000", "price": "0.20108000", "time": "2025-07-16T01:33:51.815909Z", "fetched_at": "2025-07-16T01:39:33.744637+00:00", "symbol": "DOGE-USD"}, {"trade_id": 139203154, "side": "buy", "size": "6000.00000000", "price": "0.20109000", "time": "2025-07-16T01:33:51.815748Z", "fetched_at": "2025-07-16T01:39:33.744637+00:00", "symbol": "DOGE-USD"}, {"trade_id": 139203153, "side": "buy", "size": "38.10000000", "price": "0.20110000", "time": "2025-07-16T01:33:51.815748Z", "fetched_at": "2025-07-16T01:39:33.744637+00:00", "symbol": "DOGE-USD"}, {"trade_id": 139203152, "side": "buy", "size": "2000.00000000", "price": "0.20109000", "time": "2025-07-16T01:33:50.140685Z", "fetched_at": "2025-07-16T01:39:33.744637+00:00", "symbol": "DOGE-USD"}, {"trade_id": 139203151, "side": "buy", "size": "866.30000000", "price": "0.20109000", "time": "2025-07-16T01:33:50.140685Z", "fetched_at": "2025-07-16T01:39:33.744637+00:00", "symbol": "DOGE-USD"}