[{"trade_id": 139230709, "side": "sell", "size": "70.20000000", "price": "0.19895000", "time": "2025-07-16T08:10:44.719333Z", "fetched_at": "2025-07-16T08:10:50.083999+00:00", "symbol": "DOGE-USD"}, {"trade_id": 139230708, "side": "buy", "size": "5.60000000", "price": "0.19896000", "time": "2025-07-16T08:10:44.258502Z", "fetched_at": "2025-07-16T08:10:50.083999+00:00", "symbol": "DOGE-USD"}, {"trade_id": 139230707, "side": "buy", "size": "376.20000000", "price": "0.19898000", "time": "2025-07-16T08:10:44.251355Z", "fetched_at": "2025-07-16T08:10:50.083999+00:00", "symbol": "DOGE-USD"}, {"trade_id": 139230706, "side": "buy", "size": "5.60000000", "price": "0.19898000", "time": "2025-07-16T08:10:44.251355Z", "fetched_at": "2025-07-16T08:10:50.083999+00:00", "symbol": "DOGE-USD"}, {"trade_id": 139230705, "side": "buy", "size": "9926.70000000", "price": "0.19900000", "time": "2025-07-16T08:10:43.950595Z", "fetched_at": "2025-07-16T08:10:50.083999+00:00", "symbol": "DOGE-USD"}, {"trade_id": 139230704, "side": "sell", "size": "1892.80000000", "price": "0.19900000", "time": "2025-07-16T08:10:43.946579Z", "fetched_at": "2025-07-16T08:10:50.083999+00:00", "symbol": "DOGE-USD"}, {"trade_id": 139230703, "side": "sell", "size": "208.30000000", "price": "0.19899000", "time": "2025-07-16T08:10:43.946579Z", "fetched_at": "2025-07-16T08:10:50.083999+00:00", "symbol": "DOGE-USD"}, {"trade_id": 139230702, "side": "sell", "size": "1615.40000000", "price": "0.19899000", "time": "2025-07-16T08:10:43.946579Z", "fetched_at": "2025-07-16T08:10:50.083999+00:00", "symbol": "DOGE-USD"}, {"trade_id": 139230701, "side": "sell", "size": "1593.00000000", "price": "0.19899000", "time": "2025-07-16T08:10:43.946579Z", "fetched_at": "2025-07-16T08:10:50.083999+00:00", "symbol": "DOGE-USD"}, {"trade_id": 139230700, "side": "sell", "size": "1524.20000000", "price": "0.19899000", "time": "2025-07-16T08:10:43.946579Z", "fetched_at": "2025-07-16T08:10:50.083999+00:00", "symbol": "DOGE-USD"}, {"trade_id": 139230699, "side": "sell", "size": "47.70000000", "price": "0.19899000", "time": "2025-07-16T08:10:42.642606Z", "fetched_at": "2025-07-16T08:10:50.083999+00:00", "symbol": "DOGE-USD"}, {"trade_id": 139230698, "side": "buy", "size": "5.60000000", "price": "0.19900000", "time": "2025-07-16T08:10:40.588038Z", "fetched_at": "2025-07-16T08:10:50.083999+00:00", "symbol": "DOGE-USD"}, {"trade_id": 139230697, "side": "buy", "size": "214.10000000", "price": "0.19902000", "time": "2025-07-16T08:10:40.310190Z", "fetched_at": "2025-07-16T08:10:50.083999+00:00", "symbol": "DOGE-USD"}, {"trade_id": 139230696, "side": "buy", "size": "229.20000000", "price": "0.19902000", "time": "2025-07-16T08:10:40.305864Z", "fetched_at": "2025-07-16T08:10:50.083999+00:00", "symbol": "DOGE-USD"}, {"trade_id": 139230695, "side": "buy", "size": "5.60000000", "price": "0.19902000", "time": "2025-07-16T08:10:40.305864Z", "fetched_at": "2025-07-16T08:10:50.083999+00:00", "symbol": "DOGE-USD"}, {"trade_id": 139230694, "side": "sell", "size": "5.60000000", "price": "0.19903000", "time": "2025-07-16T08:10:37.546350Z", "fetched_at": "2025-07-16T08:10:50.083999+00:00", "symbol": "DOGE-USD"}, {"trade_id": 139230693, "side": "buy", "size": "544.60000000", "price": "0.19905000", "time": "2025-07-16T08:10:37.005403Z", "fetched_at": "2025-07-16T08:10:50.083999+00:00", "symbol": "DOGE-USD"}, {"trade_id": 139230692, "side": "buy", "size": "262.50000000", "price": "0.19905000", "time": "2025-07-16T08:10:34.797039Z", "fetched_at": "2025-07-16T08:10:50.083999+00:00", "symbol": "DOGE-USD"}, {"trade_id": 139230691, "side": "sell", "size": "5.60000000", "price": "0.19906000", "time": "2025-07-16T08:10:33.882489Z", "fetched_at": "2025-07-16T08:10:50.083999+00:00", "symbol": "DOGE-USD"}, {"trade_id": 139230690, "side": "sell", "size": "111.80000000", "price": "0.19904000", "time": "2025-07-16T08:10:33.413257Z", "fetched_at": "2025-07-16T08:10:50.083999+00:00", "symbol": "DOGE-USD"}, {"trade_id": 139230689, "side": "sell", "size": "5.60000000", "price": "0.19904000", "time": "2025-07-16T08:10:33.413257Z", "fetched_at": "2025-07-16T08:10:50.083999+00:00", "symbol": "DOGE-USD"}, {"trade_id": 139230688, "side": "sell", "size": "5.80000000", "price": "0.19902000", "time": "2025-07-16T08:10:32.837453Z", "fetched_at": "2025-07-16T08:10:50.083999+00:00", "symbol": "DOGE-USD"}, {"trade_id": 139230687, "side": "sell", "size": "5.60000000", "price": "0.19902000", "time": "2025-07-16T08:10:26.958234Z", "fetched_at": "2025-07-16T08:10:50.083999+00:00", "symbol": "DOGE-USD"}, {"trade_id": 139230686, "side": "sell", "size": "490.40000000", "price": "0.19897000", "time": "2025-07-16T08:10:21.152356Z", "fetched_at": "2025-07-16T08:10:50.083999+00:00", "symbol": "DOGE-USD"}, {"trade_id": 139230685, "side": "sell", "size": "615.80000000", "price": "0.19897000", "time": "2025-07-16T08:10:19.635559Z", "fetched_at": "2025-07-16T08:10:50.083999+00:00", "symbol": "DOGE-USD"}, {"trade_id": 139230684, "side": "sell", "size": "310.50000000", "price": "0.19899000", "time": "2025-07-16T08:10:12.296001Z", "fetched_at": "2025-07-16T08:10:50.083999+00:00", "symbol": "DOGE-USD"}, {"trade_id": 139230683, "side": "sell", "size": "1312.80000000", "price": "0.19899000", "time": "2025-07-16T08:10:12.296001Z", "fetched_at": "2025-07-16T08:10:50.083999+00:00", "symbol": "DOGE-USD"}, {"trade_id": 139230682, "side": "sell", "size": "1904.10000000", "price": "0.19899000", "time": "2025-07-16T08:10:12.296001Z", "fetched_at": "2025-07-16T08:10:50.083999+00:00", "symbol": "DOGE-USD"}, {"trade_id": 139230681, "side": "sell", "size": "11.40000000", "price": "0.19898000", "time": "2025-07-16T08:10:12.296001Z", "fetched_at": "2025-07-16T08:10:50.083999+00:00", "symbol": "DOGE-USD"}, {"trade_id": 139230680, "side": "sell", "size": "1449.30000000", "price": "0.19897000", "time": "2025-07-16T08:10:12.296001Z", "fetched_at": "2025-07-16T08:10:50.083999+00:00", "symbol": "DOGE-USD"}, {"trade_id": 139230679, "side": "buy", "size": "461.00000000", "price": "0.19898000", "time": "2025-07-16T08:10:09.198976Z", "fetched_at": "2025-07-16T08:10:50.083999+00:00", "symbol": "DOGE-USD"}, {"trade_id": 139230678, "side": "sell", "size": "96.40000000", "price": "0.19895000", "time": "2025-07-16T08:10:07.623851Z", "fetched_at": "2025-07-16T08:10:50.083999+00:00", "symbol": "DOGE-USD"}, {"trade_id": 139230677, "side": "sell", "size": "477.60000000", "price": "0.19895000", "time": "2025-07-16T08:10:07.623851Z", "fetched_at": "2025-07-16T08:10:50.083999+00:00", "symbol": "DOGE-USD"}, {"trade_id": 139230676, "side": "buy", "size": "5.60000000", "price": "0.19896000", "time": "2025-07-16T08:10:07.539400Z", "fetched_at": "2025-07-16T08:10:50.083999+00:00", "symbol": "DOGE-USD"}, {"trade_id": 139230675, "side": "buy", "size": "339.70000000", "price": "0.19898000", "time": "2025-07-16T08:10:07.327758Z", "fetched_at": "2025-07-16T08:10:50.083999+00:00", "symbol": "DOGE-USD"}, {"trade_id": 139230674, "side": "sell", "size": "124.40000000", "price": "0.19901000", "time": "2025-07-16T08:10:06.869241Z", "fetched_at": "2025-07-16T08:10:50.083999+00:00", "symbol": "DOGE-USD"}, {"trade_id": 139230673, "side": "sell", "size": "3616.20000000", "price": "0.19902000", "time": "2025-07-16T08:10:06.338066Z", "fetched_at": "2025-07-16T08:10:50.083999+00:00", "symbol": "DOGE-USD"}, {"trade_id": 139230672, "side": "sell", "size": "1892.80000000", "price": "0.19902000", "time": "2025-07-16T08:10:06.338066Z", "fetched_at": "2025-07-16T08:10:50.083999+00:00", "symbol": "DOGE-USD"}, {"trade_id": 139230671, "side": "sell", "size": "1382.60000000", "price": "0.19902000", "time": "2025-07-16T08:10:06.338066Z", "fetched_at": "2025-07-16T08:10:50.083999+00:00", "symbol": "DOGE-USD"}, {"trade_id": 139230670, "side": "sell", "size": "5.60000000", "price": "0.19902000", "time": "2025-07-16T08:10:06.338066Z", "fetched_at": "2025-07-16T08:10:50.083999+00:00", "symbol": "DOGE-USD"}, {"trade_id": 139230669, "side": "sell", "size": "14.40000000", "price": "0.19901000", "time": "2025-07-16T08:10:06.338066Z", "fetched_at": "2025-07-16T08:10:50.083999+00:00", "symbol": "DOGE-USD"}, {"trade_id": 139230668, "side": "sell", "size": "1562.80000000", "price": "0.19901000", "time": "2025-07-16T08:10:06.338066Z", "fetched_at": "2025-07-16T08:10:50.083999+00:00", "symbol": "DOGE-USD"}, {"trade_id": 139230667, "side": "sell", "size": "1641.10000000", "price": "0.19900000", "time": "2025-07-16T08:10:06.338066Z", "fetched_at": "2025-07-16T08:10:50.083999+00:00", "symbol": "DOGE-USD"}, {"trade_id": 139230666, "side": "sell", "size": "74.60000000", "price": "0.19897000", "time": "2025-07-16T08:10:04.014514Z", "fetched_at": "2025-07-16T08:10:50.083999+00:00", "symbol": "DOGE-USD"}, {"trade_id": 139230665, "side": "buy", "size": "25.20000000", "price": "0.19901000", "time": "2025-07-16T08:09:59.902507Z", "fetched_at": "2025-07-16T08:10:50.083999+00:00", "symbol": "DOGE-USD"}, {"trade_id": 139230664, "side": "buy", "size": "411.30000000", "price": "0.19901000", "time": "2025-07-16T08:09:59.902507Z", "fetched_at": "2025-07-16T08:10:50.083999+00:00", "symbol": "DOGE-USD"}, {"trade_id": 139230663, "side": "sell", "size": "5.60000000", "price": "0.19900000", "time": "2025-07-16T08:09:54.315889Z", "fetched_at": "2025-07-16T08:10:50.083999+00:00", "symbol": "DOGE-USD"}, {"trade_id": 139230662, "side": "sell", "size": "5.60000000", "price": "0.19898000", "time": "2025-07-16T08:09:53.173281Z", "fetched_at": "2025-07-16T08:10:50.083999+00:00", "symbol": "DOGE-USD"}, {"trade_id": 139230661, "side": "sell", "size": "5.60000000", "price": "0.19896000", "time": "2025-07-16T08:09:52.858128Z", "fetched_at": "2025-07-16T08:10:50.083999+00:00", "symbol": "DOGE-USD"}, {"trade_id": 139230660, "side": "sell", "size": "477.60000000", "price": "0.19892000", "time": "2025-07-16T08:09:52.079645Z", "fetched_at": "2025-07-16T08:10:50.083999+00:00", "symbol": "DOGE-USD"}, {"trade_id": 139230659, "side": "sell", "size": "5.20000000", "price": "0.19895000", "time": "2025-07-16T08:09:49.596565Z", "fetched_at": "2025-07-16T08:10:50.083999+00:00", "symbol": "DOGE-USD"}, {"trade_id": 139230658, "side": "sell", "size": "5.60000000", "price": "0.19894000", "time": "2025-07-16T08:09:45.700127Z", "fetched_at": "2025-07-16T08:10:50.083999+00:00", "symbol": "DOGE-USD"}, {"trade_id": 139230657, "side": "buy", "size": "221.40000000", "price": "0.19888000", "time": "2025-07-16T08:09:41.141105Z", "fetched_at": "2025-07-16T08:10:50.083999+00:00", "symbol": "DOGE-USD"}, {"trade_id": 139230656, "side": "buy", "size": "5.60000000", "price": "0.19888000", "time": "2025-07-16T08:09:41.141105Z", "fetched_at": "2025-07-16T08:10:50.083999+00:00", "symbol": "DOGE-USD"}, {"trade_id": 139230655, "side": "sell", "size": "33.30000000", "price": "0.19891000", "time": "2025-07-16T08:09:35.364735Z", "fetched_at": "2025-07-16T08:10:50.083999+00:00", "symbol": "DOGE-USD"}, {"trade_id": 139230654, "side": "sell", "size": "94.30000000", "price": "0.19889000", "time": "2025-07-16T08:09:32.116858Z", "fetched_at": "2025-07-16T08:10:50.083999+00:00", "symbol": "DOGE-USD"}, {"trade_id": 139230653, "side": "sell", "size": "443.40000000", "price": "0.19889000", "time": "2025-07-16T08:09:32.116858Z", "fetched_at": "2025-07-16T08:10:50.083999+00:00", "symbol": "DOGE-USD"}, {"trade_id": 139230652, "side": "sell", "size": "34.20000000", "price": "0.19889000", "time": "2025-07-16T08:09:32.087608Z", "fetched_at": "2025-07-16T08:10:50.083999+00:00", "symbol": "DOGE-USD"}, {"trade_id": 139230651, "side": "buy", "size": "5.60000000", "price": "0.19890000", "time": "2025-07-16T08:09:31.976542Z", "fetched_at": "2025-07-16T08:10:50.083999+00:00", "symbol": "DOGE-USD"}, {"trade_id": 139230650, "side": "buy", "size": "56.40000000", "price": "0.19891000", "time": "2025-07-16T08:09:31.765778Z", "fetched_at": "2025-07-16T08:10:50.083999+00:00", "symbol": "DOGE-USD"}, {"trade_id": 139230649, "side": "buy", "size": "5.60000000", "price": "0.19892000", "time": "2025-07-16T08:09:31.761100Z", "fetched_at": "2025-07-16T08:10:50.083999+00:00", "symbol": "DOGE-USD"}, {"trade_id": 139230648, "side": "buy", "size": "633.70000000", "price": "0.19896000", "time": "2025-07-16T08:09:31.036716Z", "fetched_at": "2025-07-16T08:10:50.083999+00:00", "symbol": "DOGE-USD"}, {"trade_id": 139230647, "side": "sell", "size": "73.10000000", "price": "0.19900000", "time": "2025-07-16T08:09:25.527615Z", "fetched_at": "2025-07-16T08:10:50.083999+00:00", "symbol": "DOGE-USD"}, {"trade_id": 139230646, "side": "sell", "size": "5.60000000", "price": "0.19900000", "time": "2025-07-16T08:09:25.527615Z", "fetched_at": "2025-07-16T08:10:50.083999+00:00", "symbol": "DOGE-USD"}, {"trade_id": 139230645, "side": "sell", "size": "19.00000000", "price": "0.19899000", "time": "2025-07-16T08:09:25.527615Z", "fetched_at": "2025-07-16T08:10:50.083999+00:00", "symbol": "DOGE-USD"}, {"trade_id": 139230644, "side": "buy", "size": "760.40000000", "price": "0.19898000", "time": "2025-07-16T08:09:24.793568Z", "fetched_at": "2025-07-16T08:10:50.083999+00:00", "symbol": "DOGE-USD"}, {"trade_id": 139230643, "side": "sell", "size": "5.60000000", "price": "0.19898000", "time": "2025-07-16T08:09:23.694136Z", "fetched_at": "2025-07-16T08:10:50.083999+00:00", "symbol": "DOGE-USD"}, {"trade_id": 139230642, "side": "sell", "size": "1584.40000000", "price": "0.19897000", "time": "2025-07-16T08:09:23.694136Z", "fetched_at": "2025-07-16T08:10:50.083999+00:00", "symbol": "DOGE-USD"}, {"trade_id": 139230641, "side": "sell", "size": "33.10000000", "price": "0.19896000", "time": "2025-07-16T08:09:23.694136Z", "fetched_at": "2025-07-16T08:10:50.083999+00:00", "symbol": "DOGE-USD"}, {"trade_id": 139230640, "side": "sell", "size": "5.60000000", "price": "0.19896000", "time": "2025-07-16T08:09:23.694136Z", "fetched_at": "2025-07-16T08:10:50.083999+00:00", "symbol": "DOGE-USD"}, {"trade_id": 139230639, "side": "sell", "size": "5.60000000", "price": "0.19894000", "time": "2025-07-16T08:09:22.853614Z", "fetched_at": "2025-07-16T08:10:50.083999+00:00", "symbol": "DOGE-USD"}, {"trade_id": 139230638, "side": "sell", "size": "434.50000000", "price": "0.19891000", "time": "2025-07-16T08:09:15.807979Z", "fetched_at": "2025-07-16T08:10:50.083999+00:00", "symbol": "DOGE-USD"}, {"trade_id": 139230637, "side": "sell", "size": "477.60000000", "price": "0.19890000", "time": "2025-07-16T08:09:15.714871Z", "fetched_at": "2025-07-16T08:10:50.083999+00:00", "symbol": "DOGE-USD"}, {"trade_id": 139230636, "side": "buy", "size": "1064.10000000", "price": "0.19893000", "time": "2025-07-16T08:09:15.389760Z", "fetched_at": "2025-07-16T08:10:50.083999+00:00", "symbol": "DOGE-USD"}, {"trade_id": 139230635, "side": "sell", "size": "5.60000000", "price": "0.19894000", "time": "2025-07-16T08:09:13.166923Z", "fetched_at": "2025-07-16T08:10:50.083999+00:00", "symbol": "DOGE-USD"}, {"trade_id": 139230634, "side": "sell", "size": "56.50000000", "price": "0.19892000", "time": "2025-07-16T08:09:12.464071Z", "fetched_at": "2025-07-16T08:10:50.083999+00:00", "symbol": "DOGE-USD"}, {"trade_id": 139230633, "side": "sell", "size": "5.60000000", "price": "0.19892000", "time": "2025-07-16T08:09:12.452620Z", "fetched_at": "2025-07-16T08:10:50.083999+00:00", "symbol": "DOGE-USD"}, {"trade_id": 139230632, "side": "sell", "size": "5.60000000", "price": "0.19890000", "time": "2025-07-16T08:09:12.320708Z", "fetched_at": "2025-07-16T08:10:50.083999+00:00", "symbol": "DOGE-USD"}, {"trade_id": 139230631, "side": "sell", "size": "5.60000000", "price": "0.19888000", "time": "2025-07-16T08:09:12.252877Z", "fetched_at": "2025-07-16T08:10:50.083999+00:00", "symbol": "DOGE-USD"}, {"trade_id": 139230630, "side": "sell", "size": "3432.20000000", "price": "0.19886000", "time": "2025-07-16T08:09:11.314543Z", "fetched_at": "2025-07-16T08:10:50.083999+00:00", "symbol": "DOGE-USD"}, {"trade_id": 139230629, "side": "sell", "size": "1734.90000000", "price": "0.19886000", "time": "2025-07-16T08:09:11.296632Z", "fetched_at": "2025-07-16T08:10:50.083999+00:00", "symbol": "DOGE-USD"}, {"trade_id": 139230628, "side": "sell", "size": "5.60000000", "price": "0.19886000", "time": "2025-07-16T08:09:11.296632Z", "fetched_at": "2025-07-16T08:10:50.083999+00:00", "symbol": "DOGE-USD"}, {"trade_id": 139230627, "side": "sell", "size": "11905.60000000", "price": "0.19885000", "time": "2025-07-16T08:09:11.281611Z", "fetched_at": "2025-07-16T08:10:50.083999+00:00", "symbol": "DOGE-USD"}, {"trade_id": 139230626, "side": "sell", "size": "498.50000000", "price": "0.19884000", "time": "2025-07-16T08:09:11.270556Z", "fetched_at": "2025-07-16T08:10:50.083999+00:00", "symbol": "DOGE-USD"}, {"trade_id": 139230625, "side": "sell", "size": "5.60000000", "price": "0.19884000", "time": "2025-07-16T08:09:11.270556Z", "fetched_at": "2025-07-16T08:10:50.083999+00:00", "symbol": "DOGE-USD"}, {"trade_id": 139230624, "side": "sell", "size": "5.60000000", "price": "0.19882000", "time": "2025-07-16T08:09:09.679447Z", "fetched_at": "2025-07-16T08:10:50.083999+00:00", "symbol": "DOGE-USD"}, {"trade_id": 139230623, "side": "sell", "size": "5.60000000", "price": "0.19880000", "time": "2025-07-16T08:09:09.063270Z", "fetched_at": "2025-07-16T08:10:50.083999+00:00", "symbol": "DOGE-USD"}, {"trade_id": 139230622, "side": "sell", "size": "5.60000000", "price": "0.19878000", "time": "2025-07-16T08:09:08.979996Z", "fetched_at": "2025-07-16T08:10:50.083999+00:00", "symbol": "DOGE-USD"}, {"trade_id": 139230621, "side": "sell", "size": "5.60000000", "price": "0.19876000", "time": "2025-07-16T08:09:08.896899Z", "fetched_at": "2025-07-16T08:10:50.083999+00:00", "symbol": "DOGE-USD"}, {"trade_id": 139230620, "side": "buy", "size": "731.30000000", "price": "0.19872000", "time": "2025-07-16T08:09:05.087787Z", "fetched_at": "2025-07-16T08:10:50.083999+00:00", "symbol": "DOGE-USD"}, {"trade_id": 139230619, "side": "sell", "size": "5.60000000", "price": "0.19874000", "time": "2025-07-16T08:09:02.675936Z", "fetched_at": "2025-07-16T08:10:50.083999+00:00", "symbol": "DOGE-USD"}, {"trade_id": 139230618, "side": "sell", "size": "2051.10000000", "price": "0.19872000", "time": "2025-07-16T08:09:00.731392Z", "fetched_at": "2025-07-16T08:10:50.083999+00:00", "symbol": "DOGE-USD"}, {"trade_id": 139230617, "side": "sell", "size": "5.00000000", "price": "0.19869000", "time": "2025-07-16T08:08:52.347016Z", "fetched_at": "2025-07-16T08:10:50.083999+00:00", "symbol": "DOGE-USD"}, {"trade_id": 139230616, "side": "buy", "size": "56.50000000", "price": "0.19868000", "time": "2025-07-16T08:08:50.785880Z", "fetched_at": "2025-07-16T08:10:50.083999+00:00", "symbol": "DOGE-USD"}, {"trade_id": 139230615, "side": "buy", "size": "5.60000000", "price": "0.19868000", "time": "2025-07-16T08:08:50.785880Z", "fetched_at": "2025-07-16T08:10:50.083999+00:00", "symbol": "DOGE-USD"}, {"trade_id": 139230614, "side": "buy", "size": "1151.70000000", "price": "0.19869000", "time": "2025-07-16T08:08:50.785496Z", "fetched_at": "2025-07-16T08:10:50.083999+00:00", "symbol": "DOGE-USD"}, {"trade_id": 139230613, "side": "buy", "size": "800.50000000", "price": "0.19870000", "time": "2025-07-16T08:08:50.781906Z", "fetched_at": "2025-07-16T08:10:50.083999+00:00", "symbol": "DOGE-USD"}, {"trade_id": 139230612, "side": "buy", "size": "970.50000000", "price": "0.19871000", "time": "2025-07-16T08:08:50.129737Z", "fetched_at": "2025-07-16T08:10:50.083999+00:00", "symbol": "DOGE-USD"}, {"trade_id": 139230611, "side": "buy", "size": "1220.30000000", "price": "0.19873000", "time": "2025-07-16T08:08:44.970106Z", "fetched_at": "2025-07-16T08:10:50.083999+00:00", "symbol": "DOGE-USD"}, {"trade_id": 139230610, "side": "buy", "size": "1049.00000000", "price": "0.19873000", "time": "2025-07-16T08:08:44.970106Z", "fetched_at": "2025-07-16T08:10:50.083999+00:00", "symbol": "DOGE-USD"}, {"trade_id": 139230609, "side": "buy", "size": "1152.10000000", "price": "0.19874000", "time": "2025-07-16T08:08:44.970106Z", "fetched_at": "2025-07-16T08:10:50.083999+00:00", "symbol": "DOGE-USD"}, {"trade_id": 139230608, "side": "buy", "size": "1152.10000000", "price": "0.19875000", "time": "2025-07-16T08:08:44.970106Z", "fetched_at": "2025-07-16T08:10:50.083999+00:00", "symbol": "DOGE-USD"}, {"trade_id": 139230607, "side": "sell", "size": "2.00000000", "price": "0.19876000", "time": "2025-07-16T08:08:44.453078Z", "fetched_at": "2025-07-16T08:10:50.083999+00:00", "symbol": "DOGE-USD"}, {"trade_id": 139230606, "side": "buy", "size": "1299.50000000", "price": "0.19875000", "time": "2025-07-16T08:08:40.560635Z", "fetched_at": "2025-07-16T08:10:50.083999+00:00", "symbol": "DOGE-USD"}, {"trade_id": 139230605, "side": "buy", "size": "62.60000000", "price": "0.19875000", "time": "2025-07-16T08:08:38.932871Z", "fetched_at": "2025-07-16T08:10:50.083999+00:00", "symbol": "DOGE-USD"}, {"trade_id": 139230604, "side": "buy", "size": "1563.00000000", "price": "0.19876000", "time": "2025-07-16T08:08:32.592836Z", "fetched_at": "2025-07-16T08:10:50.083999+00:00", "symbol": "DOGE-USD"}, {"trade_id": 139230603, "side": "buy", "size": "1152.10000000", "price": "0.19876000", "time": "2025-07-16T08:08:32.592836Z", "fetched_at": "2025-07-16T08:10:50.083999+00:00", "symbol": "DOGE-USD"}, {"trade_id": 139230602, "side": "sell", "size": "5.60000000", "price": "0.19876000", "time": "2025-07-16T08:08:32.040550Z", "fetched_at": "2025-07-16T08:10:50.083999+00:00", "symbol": "DOGE-USD"}, {"trade_id": 139230601, "side": "sell", "size": "5.60000000", "price": "0.19874000", "time": "2025-07-16T08:08:31.898035Z", "fetched_at": "2025-07-16T08:10:50.083999+00:00", "symbol": "DOGE-USD"}, {"trade_id": 139230600, "side": "sell", "size": "56.50000000", "price": "0.19873000", "time": "2025-07-16T08:08:31.613613Z", "fetched_at": "2025-07-16T08:10:50.083999+00:00", "symbol": "DOGE-USD"}, {"trade_id": 139230599, "side": "sell", "size": "349.10000000", "price": "0.19869000", "time": "2025-07-16T08:08:29.576281Z", "fetched_at": "2025-07-16T08:10:50.083999+00:00", "symbol": "DOGE-USD"}, {"trade_id": 139230598, "side": "sell", "size": "700.00000000", "price": "0.19869000", "time": "2025-07-16T08:08:29.576281Z", "fetched_at": "2025-07-16T08:10:50.083999+00:00", "symbol": "DOGE-USD"}, {"trade_id": 139230597, "side": "sell", "size": "525.40000000", "price": "0.19869000", "time": "2025-07-16T08:08:29.576281Z", "fetched_at": "2025-07-16T08:10:50.083999+00:00", "symbol": "DOGE-USD"}, {"trade_id": 139230596, "side": "sell", "size": "491.30000000", "price": "0.19869000", "time": "2025-07-16T08:08:29.576281Z", "fetched_at": "2025-07-16T08:10:50.083999+00:00", "symbol": "DOGE-USD"}, {"trade_id": 139230595, "side": "sell", "size": "667.30000000", "price": "0.19869000", "time": "2025-07-16T08:08:29.576281Z", "fetched_at": "2025-07-16T08:10:50.083999+00:00", "symbol": "DOGE-USD"}, {"trade_id": 139230594, "side": "buy", "size": "9.10000000", "price": "0.19871000", "time": "2025-07-16T08:08:29.335413Z", "fetched_at": "2025-07-16T08:10:50.083999+00:00", "symbol": "DOGE-USD"}, {"trade_id": 139230593, "side": "buy", "size": "1264.40000000", "price": "0.19875000", "time": "2025-07-16T08:08:28.684709Z", "fetched_at": "2025-07-16T08:10:50.083999+00:00", "symbol": "DOGE-USD"}, {"trade_id": 139230592, "side": "sell", "size": "525.40000000", "price": "0.19875000", "time": "2025-07-16T08:08:28.504819Z", "fetched_at": "2025-07-16T08:10:50.083999+00:00", "symbol": "DOGE-USD"}, {"trade_id": 139230591, "side": "sell", "size": "5.60000000", "price": "0.19876000", "time": "2025-07-16T08:08:27.813809Z", "fetched_at": "2025-07-16T08:10:50.083999+00:00", "symbol": "DOGE-USD"}, {"trade_id": 139230590, "side": "sell", "size": "2732.40000000", "price": "0.19875000", "time": "2025-07-16T08:08:27.749807Z", "fetched_at": "2025-07-16T08:10:50.083999+00:00", "symbol": "DOGE-USD"}, {"trade_id": 139230589, "side": "sell", "size": "5.60000000", "price": "0.19874000", "time": "2025-07-16T08:08:27.728089Z", "fetched_at": "2025-07-16T08:10:50.083999+00:00", "symbol": "DOGE-USD"}, {"trade_id": 139230588, "side": "sell", "size": "56.40000000", "price": "0.19873000", "time": "2025-07-16T08:08:27.728089Z", "fetched_at": "2025-07-16T08:10:50.083999+00:00", "symbol": "DOGE-USD"}, {"trade_id": 139230587, "side": "sell", "size": "6988.90000000", "price": "0.19873000", "time": "2025-07-16T08:08:27.724445Z", "fetched_at": "2025-07-16T08:10:50.083999+00:00", "symbol": "DOGE-USD"}, {"trade_id": 139230586, "side": "sell", "size": "56.40000000", "price": "0.19872000", "time": "2025-07-16T08:08:27.724445Z", "fetched_at": "2025-07-16T08:10:50.083999+00:00", "symbol": "DOGE-USD"}, {"trade_id": 139230585, "side": "buy", "size": "1152.10000000", "price": "0.19872000", "time": "2025-07-16T08:08:27.139827Z", "fetched_at": "2025-07-16T08:10:50.083999+00:00", "symbol": "DOGE-USD"}, {"trade_id": 139230584, "side": "buy", "size": "1152.10000000", "price": "0.19872000", "time": "2025-07-16T08:08:24.601482Z", "fetched_at": "2025-07-16T08:10:50.083999+00:00", "symbol": "DOGE-USD"}, {"trade_id": 139230583, "side": "buy", "size": "1763.80000000", "price": "0.19872000", "time": "2025-07-16T08:08:24.601482Z", "fetched_at": "2025-07-16T08:10:50.083999+00:00", "symbol": "DOGE-USD"}, {"trade_id": 139230582, "side": "sell", "size": "9171.90000000", "price": "0.19869000", "time": "2025-07-16T08:08:22.252049Z", "fetched_at": "2025-07-16T08:10:50.083999+00:00", "symbol": "DOGE-USD"}, {"trade_id": 139230581, "side": "sell", "size": "9104.80000000", "price": "0.19869000", "time": "2025-07-16T08:08:22.143814Z", "fetched_at": "2025-07-16T08:10:50.083999+00:00", "symbol": "DOGE-USD"}, {"trade_id": 139230580, "side": "buy", "size": "56.50000000", "price": "0.19868000", "time": "2025-07-16T08:08:20.052813Z", "fetched_at": "2025-07-16T08:10:50.083999+00:00", "symbol": "DOGE-USD"}, {"trade_id": 139230579, "side": "buy", "size": "1513.10000000", "price": "0.19868000", "time": "2025-07-16T08:08:20.052813Z", "fetched_at": "2025-07-16T08:10:50.083999+00:00", "symbol": "DOGE-USD"}, {"trade_id": 139230578, "side": "buy", "size": "5.60000000", "price": "0.19868000", "time": "2025-07-16T08:08:20.052813Z", "fetched_at": "2025-07-16T08:10:50.083999+00:00", "symbol": "DOGE-USD"}, {"trade_id": 139230577, "side": "buy", "size": "1947.00000000", "price": "0.19870000", "time": "2025-07-16T08:08:19.008666Z", "fetched_at": "2025-07-16T08:10:50.083999+00:00", "symbol": "DOGE-USD"}, {"trade_id": 139230576, "side": "buy", "size": "5.60000000", "price": "0.19870000", "time": "2025-07-16T08:08:19.008666Z", "fetched_at": "2025-07-16T08:10:50.083999+00:00", "symbol": "DOGE-USD"}, {"trade_id": 139230575, "side": "sell", "size": "600.10000000", "price": "0.19876000", "time": "2025-07-16T08:08:11.534288Z", "fetched_at": "2025-07-16T08:10:50.083999+00:00", "symbol": "DOGE-USD"}, {"trade_id": 139230574, "side": "sell", "size": "664.70000000", "price": "0.19875000", "time": "2025-07-16T08:08:08.499424Z", "fetched_at": "2025-07-16T08:10:50.083999+00:00", "symbol": "DOGE-USD"}, {"trade_id": 139230573, "side": "buy", "size": "1.30000000", "price": "0.19873000", "time": "2025-07-16T08:08:07.550333Z", "fetched_at": "2025-07-16T08:10:50.083999+00:00", "symbol": "DOGE-USD"}, {"trade_id": 139230572, "side": "sell", "size": "35.60000000", "price": "0.19874000", "time": "2025-07-16T08:08:05.943745Z", "fetched_at": "2025-07-16T08:10:50.083999+00:00", "symbol": "DOGE-USD"}, {"trade_id": 139230571, "side": "sell", "size": "155.00000000", "price": "0.19873000", "time": "2025-07-16T08:08:04.856567Z", "fetched_at": "2025-07-16T08:10:50.083999+00:00", "symbol": "DOGE-USD"}, {"trade_id": 139230570, "side": "buy", "size": "56.50000000", "price": "0.19872000", "time": "2025-07-16T08:08:02.748761Z", "fetched_at": "2025-07-16T08:10:50.083999+00:00", "symbol": "DOGE-USD"}, {"trade_id": 139230569, "side": "buy", "size": "18204.00000000", "price": "0.19871000", "time": "2025-07-16T08:08:02.733411Z", "fetched_at": "2025-07-16T08:10:50.083999+00:00", "symbol": "DOGE-USD"}, {"trade_id": 139230568, "side": "buy", "size": "1593.00000000", "price": "0.19871000", "time": "2025-07-16T08:08:02.733411Z", "fetched_at": "2025-07-16T08:10:50.083999+00:00", "symbol": "DOGE-USD"}, {"trade_id": 139230567, "side": "buy", "size": "6877.30000000", "price": "0.19872000", "time": "2025-07-16T08:08:02.731094Z", "fetched_at": "2025-07-16T08:10:50.083999+00:00", "symbol": "DOGE-USD"}, {"trade_id": 139230566, "side": "buy", "size": "4843.70000000", "price": "0.19872000", "time": "2025-07-16T08:08:02.731094Z", "fetched_at": "2025-07-16T08:10:50.083999+00:00", "symbol": "DOGE-USD"}, {"trade_id": 139230565, "side": "buy", "size": "5.60000000", "price": "0.19872000", "time": "2025-07-16T08:08:02.731094Z", "fetched_at": "2025-07-16T08:10:50.083999+00:00", "symbol": "DOGE-USD"}, {"trade_id": 139230564, "side": "buy", "size": "1149.10000000", "price": "0.19873000", "time": "2025-07-16T08:08:02.729535Z", "fetched_at": "2025-07-16T08:10:50.083999+00:00", "symbol": "DOGE-USD"}, {"trade_id": 139230563, "side": "buy", "size": "56.40000000", "price": "0.19874000", "time": "2025-07-16T08:08:02.729535Z", "fetched_at": "2025-07-16T08:10:50.083999+00:00", "symbol": "DOGE-USD"}, {"trade_id": 139230562, "side": "buy", "size": "5.60000000", "price": "0.19874000", "time": "2025-07-16T08:08:02.729535Z", "fetched_at": "2025-07-16T08:10:50.083999+00:00", "symbol": "DOGE-USD"}, {"trade_id": 139230561, "side": "buy", "size": "5.60000000", "price": "0.19876000", "time": "2025-07-16T08:08:02.729535Z", "fetched_at": "2025-07-16T08:10:50.083999+00:00", "symbol": "DOGE-USD"}, {"trade_id": 139230560, "side": "buy", "size": "5.60000000", "price": "0.19878000", "time": "2025-07-16T08:08:02.729535Z", "fetched_at": "2025-07-16T08:10:50.083999+00:00", "symbol": "DOGE-USD"}, {"trade_id": 139230559, "side": "buy", "size": "1249.50000000", "price": "0.19880000", "time": "2025-07-16T08:08:01.707254Z", "fetched_at": "2025-07-16T08:10:50.083999+00:00", "symbol": "DOGE-USD"}, {"trade_id": 139230558, "side": "buy", "size": "5.60000000", "price": "0.19880000", "time": "2025-07-16T08:08:01.707254Z", "fetched_at": "2025-07-16T08:10:50.083999+00:00", "symbol": "DOGE-USD"}, {"trade_id": 139230557, "side": "buy", "size": "2500.00000000", "price": "0.19883000", "time": "2025-07-16T08:08:00.074577Z", "fetched_at": "2025-07-16T08:10:50.083999+00:00", "symbol": "DOGE-USD"}, {"trade_id": 139230556, "side": "buy", "size": "56.40000000", "price": "0.19885000", "time": "2025-07-16T08:08:00.074577Z", "fetched_at": "2025-07-16T08:10:50.083999+00:00", "symbol": "DOGE-USD"}, {"trade_id": 139230555, "side": "buy", "size": "5029.30000000", "price": "0.19883000", "time": "2025-07-16T08:08:00.035989Z", "fetched_at": "2025-07-16T08:10:50.083999+00:00", "symbol": "DOGE-USD"}, {"trade_id": 139230554, "side": "buy", "size": "5198.40000000", "price": "0.19881000", "time": "2025-07-16T08:08:00.032049Z", "fetched_at": "2025-07-16T08:10:50.083999+00:00", "symbol": "DOGE-USD"}, {"trade_id": 139230553, "side": "buy", "size": "1740.90000000", "price": "0.19882000", "time": "2025-07-16T08:08:00.032049Z", "fetched_at": "2025-07-16T08:10:50.083999+00:00", "symbol": "DOGE-USD"}, {"trade_id": 139230552, "side": "buy", "size": "5.60000000", "price": "0.19882000", "time": "2025-07-16T08:08:00.032049Z", "fetched_at": "2025-07-16T08:10:50.083999+00:00", "symbol": "DOGE-USD"}, {"trade_id": 139230551, "side": "buy", "size": "5.60000000", "price": "0.19884000", "time": "2025-07-16T08:08:00.016119Z", "fetched_at": "2025-07-16T08:10:50.083999+00:00", "symbol": "DOGE-USD"}, {"trade_id": 139230550, "side": "buy", "size": "2514.50000000", "price": "0.19885000", "time": "2025-07-16T08:08:00.016119Z", "fetched_at": "2025-07-16T08:10:50.083999+00:00", "symbol": "DOGE-USD"}, {"trade_id": 139230549, "side": "buy", "size": "56.40000000", "price": "0.19886000", "time": "2025-07-16T08:08:00.013054Z", "fetched_at": "2025-07-16T08:10:50.083999+00:00", "symbol": "DOGE-USD"}, {"trade_id": 139230548, "side": "buy", "size": "5.60000000", "price": "0.19886000", "time": "2025-07-16T08:08:00.013054Z", "fetched_at": "2025-07-16T08:10:50.083999+00:00", "symbol": "DOGE-USD"}, {"trade_id": 139230547, "side": "buy", "size": "5.60000000", "price": "0.19888000", "time": "2025-07-16T08:08:00.013054Z", "fetched_at": "2025-07-16T08:10:50.083999+00:00", "symbol": "DOGE-USD"}, {"trade_id": 139230546, "side": "buy", "size": "5.60000000", "price": "0.19890000", "time": "2025-07-16T08:08:00.007768Z", "fetched_at": "2025-07-16T08:10:50.083999+00:00", "symbol": "DOGE-USD"}, {"trade_id": 139230545, "side": "buy", "size": "5.60000000", "price": "0.19892000", "time": "2025-07-16T08:07:59.898837Z", "fetched_at": "2025-07-16T08:10:50.083999+00:00", "symbol": "DOGE-USD"}, {"trade_id": 139230544, "side": "buy", "size": "849.50000000", "price": "0.19893000", "time": "2025-07-16T08:07:59.876196Z", "fetched_at": "2025-07-16T08:10:50.083999+00:00", "symbol": "DOGE-USD"}, {"trade_id": 139230543, "side": "buy", "size": "462.90000000", "price": "0.19893000", "time": "2025-07-16T08:07:59.876196Z", "fetched_at": "2025-07-16T08:10:50.083999+00:00", "symbol": "DOGE-USD"}, {"trade_id": 139230542, "side": "buy", "size": "25.20000000", "price": "0.19898000", "time": "2025-07-16T08:07:54.636541Z", "fetched_at": "2025-07-16T08:10:50.083999+00:00", "symbol": "DOGE-USD"}, {"trade_id": 139230541, "side": "buy", "size": "1040.70000000", "price": "0.19898000", "time": "2025-07-16T08:07:54.636541Z", "fetched_at": "2025-07-16T08:10:50.083999+00:00", "symbol": "DOGE-USD"}, {"trade_id": 139230540, "side": "sell", "size": "5.60000000", "price": "0.19898000", "time": "2025-07-16T08:07:51.514352Z", "fetched_at": "2025-07-16T08:10:50.083999+00:00", "symbol": "DOGE-USD"}, {"trade_id": 139230539, "side": "buy", "size": "16.80000000", "price": "0.19897000", "time": "2025-07-16T08:07:51.389288Z", "fetched_at": "2025-07-16T08:10:50.083999+00:00", "symbol": "DOGE-USD"}, {"trade_id": 139230538, "side": "sell", "size": "5.60000000", "price": "0.19896000", "time": "2025-07-16T08:07:50.879084Z", "fetched_at": "2025-07-16T08:10:50.083999+00:00", "symbol": "DOGE-USD"}, {"trade_id": 139230537, "side": "buy", "size": "968.50000000", "price": "0.19895000", "time": "2025-07-16T08:07:47.581054Z", "fetched_at": "2025-07-16T08:10:50.083999+00:00", "symbol": "DOGE-USD"}, {"trade_id": 139230536, "side": "sell", "size": "5.60000000", "price": "0.19894000", "time": "2025-07-16T08:07:47.361501Z", "fetched_at": "2025-07-16T08:10:50.083999+00:00", "symbol": "DOGE-USD"}, {"trade_id": 139230535, "side": "sell", "size": "5.60000000", "price": "0.19892000", "time": "2025-07-16T08:07:47.214992Z", "fetched_at": "2025-07-16T08:10:50.083999+00:00", "symbol": "DOGE-USD"}, {"trade_id": 139230534, "side": "buy", "size": "158.90000000", "price": "0.19891000", "time": "2025-07-16T08:07:43.347942Z", "fetched_at": "2025-07-16T08:10:50.083999+00:00", "symbol": "DOGE-USD"}, {"trade_id": 139230533, "side": "buy", "size": "700.00000000", "price": "0.19891000", "time": "2025-07-16T08:07:43.347942Z", "fetched_at": "2025-07-16T08:10:50.083999+00:00", "symbol": "DOGE-USD"}, {"trade_id": 139230532, "side": "sell", "size": "5.60000000", "price": "0.19890000", "time": "2025-07-16T08:07:39.522469Z", "fetched_at": "2025-07-16T08:10:50.083999+00:00", "symbol": "DOGE-USD"}, {"trade_id": 139230531, "side": "sell", "size": "5.60000000", "price": "0.19888000", "time": "2025-07-16T08:07:39.031036Z", "fetched_at": "2025-07-16T08:10:50.083999+00:00", "symbol": "DOGE-USD"}, {"trade_id": 139230530, "side": "buy", "size": "5.60000000", "price": "0.19884000", "time": "2025-07-16T08:07:27.901371Z", "fetched_at": "2025-07-16T08:10:50.083999+00:00", "symbol": "DOGE-USD"}, {"trade_id": 139230529, "side": "buy", "size": "356.80000000", "price": "0.19885000", "time": "2025-07-16T08:07:27.799521Z", "fetched_at": "2025-07-16T08:10:50.083999+00:00", "symbol": "DOGE-USD"}, {"trade_id": 139230528, "side": "buy", "size": "1284.70000000", "price": "0.19886000", "time": "2025-07-16T08:07:27.751654Z", "fetched_at": "2025-07-16T08:10:50.083999+00:00", "symbol": "DOGE-USD"}, {"trade_id": 139230527, "side": "buy", "size": "5.60000000", "price": "0.19886000", "time": "2025-07-16T08:07:27.751654Z", "fetched_at": "2025-07-16T08:10:50.083999+00:00", "symbol": "DOGE-USD"}, {"trade_id": 139230526, "side": "buy", "size": "5.60000000", "price": "0.19888000", "time": "2025-07-16T08:07:27.343957Z", "fetched_at": "2025-07-16T08:10:50.083999+00:00", "symbol": "DOGE-USD"}, {"trade_id": 139230525, "side": "buy", "size": "1660.20000000", "price": "0.19890000", "time": "2025-07-16T08:07:26.966337Z", "fetched_at": "2025-07-16T08:10:50.083999+00:00", "symbol": "DOGE-USD"}, {"trade_id": 139230524, "side": "buy", "size": "5.60000000", "price": "0.19890000", "time": "2025-07-16T08:07:26.966337Z", "fetched_at": "2025-07-16T08:10:50.083999+00:00", "symbol": "DOGE-USD"}, {"trade_id": 139230523, "side": "sell", "size": "1969.00000000", "price": "0.19893000", "time": "2025-07-16T08:07:26.054109Z", "fetched_at": "2025-07-16T08:10:50.083999+00:00", "symbol": "DOGE-USD"}, {"trade_id": 139230522, "side": "sell", "size": "3875.60000000", "price": "0.19893000", "time": "2025-07-16T08:07:26.054109Z", "fetched_at": "2025-07-16T08:10:50.083999+00:00", "symbol": "DOGE-USD"}, {"trade_id": 139230521, "side": "sell", "size": "1892.80000000", "price": "0.19893000", "time": "2025-07-16T08:07:26.054109Z", "fetched_at": "2025-07-16T08:10:50.083999+00:00", "symbol": "DOGE-USD"}, {"trade_id": 139230520, "side": "sell", "size": "1149.10000000", "price": "0.19892000", "time": "2025-07-16T08:07:26.054109Z", "fetched_at": "2025-07-16T08:10:50.083999+00:00", "symbol": "DOGE-USD"}, {"trade_id": 139230519, "side": "sell", "size": "18.60000000", "price": "0.19892000", "time": "2025-07-16T08:07:26.054109Z", "fetched_at": "2025-07-16T08:10:50.083999+00:00", "symbol": "DOGE-USD"}, {"trade_id": 139230518, "side": "sell", "size": "1149.10000000", "price": "0.19891000", "time": "2025-07-16T08:07:26.054109Z", "fetched_at": "2025-07-16T08:10:50.083999+00:00", "symbol": "DOGE-USD"}, {"trade_id": 139230517, "side": "sell", "size": "1655.70000000", "price": "0.19891000", "time": "2025-07-16T08:07:26.054109Z", "fetched_at": "2025-07-16T08:10:50.083999+00:00", "symbol": "DOGE-USD"}, {"trade_id": 139230516, "side": "sell", "size": "208.30000000", "price": "0.19891000", "time": "2025-07-16T08:07:26.054109Z", "fetched_at": "2025-07-16T08:10:50.083999+00:00", "symbol": "DOGE-USD"}, {"trade_id": 139230515, "side": "sell", "size": "1534.00000000", "price": "0.19891000", "time": "2025-07-16T08:07:26.054109Z", "fetched_at": "2025-07-16T08:10:50.083999+00:00", "symbol": "DOGE-USD"}, {"trade_id": 139230514, "side": "sell", "size": "1593.00000000", "price": "0.19891000", "time": "2025-07-16T08:07:26.054109Z", "fetched_at": "2025-07-16T08:10:50.083999+00:00", "symbol": "DOGE-USD"}, {"trade_id": 139230513, "side": "sell", "size": "491.30000000", "price": "0.19891000", "time": "2025-07-16T08:07:26.054109Z", "fetched_at": "2025-07-16T08:10:50.083999+00:00", "symbol": "DOGE-USD"}, {"trade_id": 139230512, "side": "sell", "size": "700.00000000", "price": "0.19891000", "time": "2025-07-16T08:07:26.054109Z", "fetched_at": "2025-07-16T08:10:50.083999+00:00", "symbol": "DOGE-USD"}, {"trade_id": 139230511, "side": "sell", "size": "525.40000000", "price": "0.19891000", "time": "2025-07-16T08:07:26.054109Z", "fetched_at": "2025-07-16T08:10:50.083999+00:00", "symbol": "DOGE-USD"}, {"trade_id": 139230510, "side": "buy", "size": "1314.00000000", "price": "0.19893000", "time": "2025-07-16T08:07:25.805738Z", "fetched_at": "2025-07-16T08:10:50.083999+00:00", "symbol": "DOGE-USD"}, {"trade_id": 139230509, "side": "sell", "size": "2.80000000", "price": "0.19895000", "time": "2025-07-16T08:07:24.514931Z", "fetched_at": "2025-07-16T08:10:50.083999+00:00", "symbol": "DOGE-USD"}, {"trade_id": 139230508, "side": "sell", "size": "34.40000000", "price": "0.19894000", "time": "2025-07-16T08:07:24.514931Z", "fetched_at": "2025-07-16T08:10:50.083999+00:00", "symbol": "DOGE-USD"}, {"trade_id": 139230507, "side": "buy", "size": "1003.20000000", "price": "0.19896000", "time": "2025-07-16T08:07:14.607663Z", "fetched_at": "2025-07-16T08:10:50.083999+00:00", "symbol": "DOGE-USD"}, {"trade_id": 139230506, "side": "buy", "size": "16377.40000000", "price": "0.19896000", "time": "2025-07-16T08:07:14.607663Z", "fetched_at": "2025-07-16T08:10:50.083999+00:00", "symbol": "DOGE-USD"}, {"trade_id": 139230505, "side": "buy", "size": "1664.30000000", "price": "0.19896000", "time": "2025-07-16T08:07:13.886829Z", "fetched_at": "2025-07-16T08:10:50.083999+00:00", "symbol": "DOGE-USD"}, {"trade_id": 139230504, "side": "sell", "size": "114.40000000", "price": "0.19897000", "time": "2025-07-16T08:07:13.673509Z", "fetched_at": "2025-07-16T08:10:50.083999+00:00", "symbol": "DOGE-USD"}, {"trade_id": 139230503, "side": "buy", "size": "347.00000000", "price": "0.19899000", "time": "2025-07-16T08:07:12.295822Z", "fetched_at": "2025-07-16T08:10:50.083999+00:00", "symbol": "DOGE-USD"}, {"trade_id": 139230502, "side": "buy", "size": "839.60000000", "price": "0.19899000", "time": "2025-07-16T08:07:12.295772Z", "fetched_at": "2025-07-16T08:10:50.083999+00:00", "symbol": "DOGE-USD"}, {"trade_id": 139230501, "side": "sell", "size": "1149.10000000", "price": "0.19899000", "time": "2025-07-16T08:07:06.841709Z", "fetched_at": "2025-07-16T08:10:50.083999+00:00", "symbol": "DOGE-USD"}, {"trade_id": 139230500, "side": "sell", "size": "18048.00000000", "price": "0.19899000", "time": "2025-07-16T08:07:06.841709Z", "fetched_at": "2025-07-16T08:10:50.083999+00:00", "symbol": "DOGE-USD"}, {"trade_id": 139230499, "side": "sell", "size": "44.30000000", "price": "0.19898000", "time": "2025-07-16T08:07:06.841709Z", "fetched_at": "2025-07-16T08:10:50.083999+00:00", "symbol": "DOGE-USD"}, {"trade_id": 139230498, "side": "sell", "size": "5.60000000", "price": "0.19898000", "time": "2025-07-16T08:07:06.841709Z", "fetched_at": "2025-07-16T08:10:50.083999+00:00", "symbol": "DOGE-USD"}, {"trade_id": 139230497, "side": "sell", "size": "421.10000000", "price": "0.19898000", "time": "2025-07-16T08:07:02.661240Z", "fetched_at": "2025-07-16T08:10:50.083999+00:00", "symbol": "DOGE-USD"}, {"trade_id": 139230496, "side": "sell", "size": "5.40000000", "price": "0.19898000", "time": "2025-07-16T08:07:02.661240Z", "fetched_at": "2025-07-16T08:10:50.083999+00:00", "symbol": "DOGE-USD"}, {"trade_id": 139230495, "side": "sell", "size": "56.40000000", "price": "0.19897000", "time": "2025-07-16T08:07:02.661240Z", "fetched_at": "2025-07-16T08:10:50.083999+00:00", "symbol": "DOGE-USD"}, {"trade_id": 139230494, "side": "sell", "size": "5.60000000", "price": "0.19896000", "time": "2025-07-16T08:07:02.661240Z", "fetched_at": "2025-07-16T08:10:50.083999+00:00", "symbol": "DOGE-USD"}, {"trade_id": 139230493, "side": "sell", "size": "5.60000000", "price": "0.19894000", "time": "2025-07-16T08:07:00.907058Z", "fetched_at": "2025-07-16T08:10:50.083999+00:00", "symbol": "DOGE-USD"}, {"trade_id": 139230492, "side": "sell", "size": "5.60000000", "price": "0.19892000", "time": "2025-07-16T08:07:00.599200Z", "fetched_at": "2025-07-16T08:10:50.083999+00:00", "symbol": "DOGE-USD"}, {"trade_id": 139230491, "side": "sell", "size": "5118.30000000", "price": "0.19892000", "time": "2025-07-16T08:07:00.599200Z", "fetched_at": "2025-07-16T08:10:50.083999+00:00", "symbol": "DOGE-USD"}, {"trade_id": 139230490, "side": "sell", "size": "23.90000000", "price": "0.19892000", "time": "2025-07-16T08:06:57.653928Z", "fetched_at": "2025-07-16T08:10:50.083999+00:00", "symbol": "DOGE-USD"}, {"trade_id": 139230489, "side": "buy", "size": "674.10000000", "price": "0.19891000", "time": "2025-07-16T08:06:50.356636Z", "fetched_at": "2025-07-16T08:10:50.083999+00:00", "symbol": "DOGE-USD"}, {"trade_id": 139230488, "side": "sell", "size": "695.80000000", "price": "0.19890000", "time": "2025-07-16T08:06:42.181214Z", "fetched_at": "2025-07-16T08:10:50.083999+00:00", "symbol": "DOGE-USD"}, {"trade_id": 139230487, "side": "sell", "size": "5.60000000", "price": "0.19890000", "time": "2025-07-16T08:06:42.181214Z", "fetched_at": "2025-07-16T08:10:50.083999+00:00", "symbol": "DOGE-USD"}, {"trade_id": 139230486, "side": "sell", "size": "56.40000000", "price": "0.19889000", "time": "2025-07-16T08:06:42.181214Z", "fetched_at": "2025-07-16T08:10:50.083999+00:00", "symbol": "DOGE-USD"}, {"trade_id": 139230485, "side": "sell", "size": "5.60000000", "price": "0.19888000", "time": "2025-07-16T08:06:42.181214Z", "fetched_at": "2025-07-16T08:10:50.083999+00:00", "symbol": "DOGE-USD"}, {"trade_id": 139230484, "side": "sell", "size": "5.60000000", "price": "0.19886000", "time": "2025-07-16T08:06:41.121966Z", "fetched_at": "2025-07-16T08:10:50.083999+00:00", "symbol": "DOGE-USD"}, {"trade_id": 139230483, "side": "sell", "size": "5.60000000", "price": "0.19884000", "time": "2025-07-16T08:06:40.921313Z", "fetched_at": "2025-07-16T08:10:50.083999+00:00", "symbol": "DOGE-USD"}, {"trade_id": 139230482, "side": "sell", "size": "5.60000000", "price": "0.19882000", "time": "2025-07-16T08:06:40.687517Z", "fetched_at": "2025-07-16T08:10:50.083999+00:00", "symbol": "DOGE-USD"}, {"trade_id": 139230481, "side": "buy", "size": "805.70000000", "price": "0.19878000", "time": "2025-07-16T08:06:36.837730Z", "fetched_at": "2025-07-16T08:10:50.083999+00:00", "symbol": "DOGE-USD"}, {"trade_id": 139230480, "side": "buy", "size": "5.60000000", "price": "0.19878000", "time": "2025-07-16T08:06:36.837730Z", "fetched_at": "2025-07-16T08:10:50.083999+00:00", "symbol": "DOGE-USD"}, {"trade_id": 139230479, "side": "sell", "size": "2913.60000000", "price": "0.19880000", "time": "2025-07-16T08:06:34.240395Z", "fetched_at": "2025-07-16T08:10:50.083999+00:00", "symbol": "DOGE-USD"}, {"trade_id": 139230478, "side": "sell", "size": "1593.00000000", "price": "0.19880000", "time": "2025-07-16T08:06:34.240395Z", "fetched_at": "2025-07-16T08:10:50.083999+00:00", "symbol": "DOGE-USD"}, {"trade_id": 139230477, "side": "sell", "size": "525.40000000", "price": "0.19879000", "time": "2025-07-16T08:06:34.240395Z", "fetched_at": "2025-07-16T08:10:50.083999+00:00", "symbol": "DOGE-USD"}, {"trade_id": 139230476, "side": "sell", "size": "161.70000000", "price": "0.19881000", "time": "2025-07-16T08:06:32.677583Z", "fetched_at": "2025-07-16T08:10:50.083999+00:00", "symbol": "DOGE-USD"}, {"trade_id": 139230475, "side": "sell", "size": "56.40000000", "price": "0.19880000", "time": "2025-07-16T08:06:32.677583Z", "fetched_at": "2025-07-16T08:10:50.083999+00:00", "symbol": "DOGE-USD"}, {"trade_id": 139230474, "side": "buy", "size": "782.30000000", "price": "0.19881000", "time": "2025-07-16T08:06:20.221266Z", "fetched_at": "2025-07-16T08:10:50.083999+00:00", "symbol": "DOGE-USD"}, {"trade_id": 139230473, "side": "buy", "size": "9.50000000", "price": "0.19880000", "time": "2025-07-16T08:06:15.708859Z", "fetched_at": "2025-07-16T08:10:50.083999+00:00", "symbol": "DOGE-USD"}, {"trade_id": 139230472, "side": "buy", "size": "5.60000000", "price": "0.19880000", "time": "2025-07-16T08:06:15.708859Z", "fetched_at": "2025-07-16T08:10:50.083999+00:00", "symbol": "DOGE-USD"}, {"trade_id": 139230471, "side": "buy", "size": "942.50000000", "price": "0.19881000", "time": "2025-07-16T08:06:14.364662Z", "fetched_at": "2025-07-16T08:10:50.083999+00:00", "symbol": "DOGE-USD"}, {"trade_id": 139230470, "side": "buy", "size": "7.50000000", "price": "0.19881000", "time": "2025-07-16T08:06:14.364662Z", "fetched_at": "2025-07-16T08:10:50.083999+00:00", "symbol": "DOGE-USD"}, {"trade_id": 139230469, "side": "buy", "size": "56.40000000", "price": "0.19883000", "time": "2025-07-16T08:06:10.225290Z", "fetched_at": "2025-07-16T08:10:50.083999+00:00", "symbol": "DOGE-USD"}, {"trade_id": 139230468, "side": "sell", "size": "3895.10000000", "price": "0.19880000", "time": "2025-07-16T08:05:58.912950Z", "fetched_at": "2025-07-16T08:10:50.083999+00:00", "symbol": "DOGE-USD"}, {"trade_id": 139230467, "side": "sell", "size": "4556.20000000", "price": "0.19880000", "time": "2025-07-16T08:05:58.912850Z", "fetched_at": "2025-07-16T08:10:50.083999+00:00", "symbol": "DOGE-USD"}, {"trade_id": 139230466, "side": "sell", "size": "56.40000000", "price": "0.19879000", "time": "2025-07-16T08:05:58.908961Z", "fetched_at": "2025-07-16T08:10:50.083999+00:00", "symbol": "DOGE-USD"}, {"trade_id": 139230465, "side": "sell", "size": "1593.00000000", "price": "0.19879000", "time": "2025-07-16T08:05:58.908961Z", "fetched_at": "2025-07-16T08:10:50.083999+00:00", "symbol": "DOGE-USD"}, {"trade_id": 139230464, "side": "buy", "size": "5.60000000", "price": "0.19880000", "time": "2025-07-16T08:05:57.682124Z", "fetched_at": "2025-07-16T08:10:50.083999+00:00", "symbol": "DOGE-USD"}, {"trade_id": 139230463, "side": "buy", "size": "5.60000000", "price": "0.19882000", "time": "2025-07-16T08:05:57.610265Z", "fetched_at": "2025-07-16T08:10:50.083999+00:00", "symbol": "DOGE-USD"}, {"trade_id": 139230462, "side": "buy", "size": "5.60000000", "price": "0.19884000", "time": "2025-07-16T08:05:57.421027Z", "fetched_at": "2025-07-16T08:10:50.083999+00:00", "symbol": "DOGE-USD"}, {"trade_id": 139230461, "side": "buy", "size": "1512.10000000", "price": "0.19886000", "time": "2025-07-16T08:05:55.728829Z", "fetched_at": "2025-07-16T08:10:50.083999+00:00", "symbol": "DOGE-USD"}, {"trade_id": 139230460, "side": "buy", "size": "414.40000000", "price": "0.19886000", "time": "2025-07-16T08:05:55.728829Z", "fetched_at": "2025-07-16T08:10:50.083999+00:00", "symbol": "DOGE-USD"}, {"trade_id": 139230459, "side": "buy", "size": "5.60000000", "price": "0.19886000", "time": "2025-07-16T08:05:55.728829Z", "fetched_at": "2025-07-16T08:10:50.083999+00:00", "symbol": "DOGE-USD"}, {"trade_id": 139230458, "side": "buy", "size": "5.60000000", "price": "0.19888000", "time": "2025-07-16T08:05:55.186408Z", "fetched_at": "2025-07-16T08:10:50.083999+00:00", "symbol": "DOGE-USD"}, {"trade_id": 139230457, "side": "buy", "size": "5.60000000", "price": "0.19890000", "time": "2025-07-16T08:05:55.139975Z", "fetched_at": "2025-07-16T08:10:50.083999+00:00", "symbol": "DOGE-USD"}, {"trade_id": 139230456, "side": "buy", "size": "5.60000000", "price": "0.19892000", "time": "2025-07-16T08:05:55.101116Z", "fetched_at": "2025-07-16T08:10:50.083999+00:00", "symbol": "DOGE-USD"}, {"trade_id": 139230455, "side": "buy", "size": "772.50000000", "price": "0.19893000", "time": "2025-07-16T08:05:55.079813Z", "fetched_at": "2025-07-16T08:10:50.083999+00:00", "symbol": "DOGE-USD"}, {"trade_id": 139230454, "side": "sell", "size": "525.60000000", "price": "0.19895000", "time": "2025-07-16T08:05:52.923405Z", "fetched_at": "2025-07-16T08:10:50.083999+00:00", "symbol": "DOGE-USD"}, {"trade_id": 139230453, "side": "sell", "size": "56.40000000", "price": "0.19895000", "time": "2025-07-16T08:05:52.923405Z", "fetched_at": "2025-07-16T08:10:50.083999+00:00", "symbol": "DOGE-USD"}, {"trade_id": 139230452, "side": "buy", "size": "1149.60000000", "price": "0.19894000", "time": "2025-07-16T08:05:49.977682Z", "fetched_at": "2025-07-16T08:10:50.083999+00:00", "symbol": "DOGE-USD"}, {"trade_id": 139230451, "side": "buy", "size": "25.20000000", "price": "0.19897000", "time": "2025-07-16T08:05:49.968660Z", "fetched_at": "2025-07-16T08:10:50.083999+00:00", "symbol": "DOGE-USD"}, {"trade_id": 139230450, "side": "buy", "size": "891.90000000", "price": "0.19897000", "time": "2025-07-16T08:05:49.968660Z", "fetched_at": "2025-07-16T08:10:50.083999+00:00", "symbol": "DOGE-USD"}, {"trade_id": 139230449, "side": "sell", "size": "0.20000000", "price": "0.19898000", "time": "2025-07-16T08:05:45.459923Z", "fetched_at": "2025-07-16T08:10:50.083999+00:00", "symbol": "DOGE-USD"}, {"trade_id": 139230448, "side": "sell", "size": "5.60000000", "price": "0.19896000", "time": "2025-07-16T08:05:42.873811Z", "fetched_at": "2025-07-16T08:10:50.083999+00:00", "symbol": "DOGE-USD"}, {"trade_id": 139230447, "side": "buy", "size": "5.60000000", "price": "0.19890000", "time": "2025-07-16T08:05:36.139431Z", "fetched_at": "2025-07-16T08:10:50.083999+00:00", "symbol": "DOGE-USD"}, {"trade_id": 139230446, "side": "buy", "size": "5.60000000", "price": "0.19892000", "time": "2025-07-16T08:05:36.112365Z", "fetched_at": "2025-07-16T08:10:50.083999+00:00", "symbol": "DOGE-USD"}, {"trade_id": 139230445, "side": "buy", "size": "5.60000000", "price": "0.19894000", "time": "2025-07-16T08:05:35.941850Z", "fetched_at": "2025-07-16T08:10:50.083999+00:00", "symbol": "DOGE-USD"}, {"trade_id": 139230444, "side": "buy", "size": "1122.70000000", "price": "0.19895000", "time": "2025-07-16T08:05:35.895559Z", "fetched_at": "2025-07-16T08:10:50.083999+00:00", "symbol": "DOGE-USD"}, {"trade_id": 139230443, "side": "buy", "size": "1306.80000000", "price": "0.19898000", "time": "2025-07-16T08:05:35.007677Z", "fetched_at": "2025-07-16T08:10:50.083999+00:00", "symbol": "DOGE-USD"}, {"trade_id": 139230442, "side": "buy", "size": "507.70000000", "price": "0.19899000", "time": "2025-07-16T08:05:28.240339Z", "fetched_at": "2025-07-16T08:10:50.083999+00:00", "symbol": "DOGE-USD"}, {"trade_id": 139230441, "side": "sell", "size": "5.60000000", "price": "0.19898000", "time": "2025-07-16T08:05:27.964232Z", "fetched_at": "2025-07-16T08:10:50.083999+00:00", "symbol": "DOGE-USD"}, {"trade_id": 139230440, "side": "sell", "size": "52.90000000", "price": "0.19897000", "time": "2025-07-16T08:05:27.224Z", "fetched_at": "2025-07-16T08:10:50.083999+00:00", "symbol": "DOGE-USD"}, {"trade_id": 139230439, "side": "sell", "size": "5.60000000", "price": "0.19896000", "time": "2025-07-16T08:05:27.179380Z", "fetched_at": "2025-07-16T08:10:50.083999+00:00", "symbol": "DOGE-USD"}, {"trade_id": 139230438, "side": "sell", "size": "5.60000000", "price": "0.19894000", "time": "2025-07-16T08:05:27.127309Z", "fetched_at": "2025-07-16T08:10:50.083999+00:00", "symbol": "DOGE-USD"}, {"trade_id": 139230437, "side": "buy", "size": "0.30000000", "price": "0.19892000", "time": "2025-07-16T08:05:15.226914Z", "fetched_at": "2025-07-16T08:10:50.083999+00:00", "symbol": "DOGE-USD"}, {"trade_id": 139230436, "side": "buy", "size": "963.00000000", "price": "0.19888000", "time": "2025-07-16T08:05:11.312192Z", "fetched_at": "2025-07-16T08:10:50.083999+00:00", "symbol": "DOGE-USD"}, {"trade_id": 139230435, "side": "buy", "size": "18097.30000000", "price": "0.19888000", "time": "2025-07-16T08:05:11.312192Z", "fetched_at": "2025-07-16T08:10:50.083999+00:00", "symbol": "DOGE-USD"}, {"trade_id": 139230434, "side": "buy", "size": "1593.00000000", "price": "0.19889000", "time": "2025-07-16T08:05:11.312192Z", "fetched_at": "2025-07-16T08:10:50.083999+00:00", "symbol": "DOGE-USD"}, {"trade_id": 139230433, "side": "buy", "size": "1150.40000000", "price": "0.19889000", "time": "2025-07-16T08:05:11.312192Z", "fetched_at": "2025-07-16T08:10:50.083999+00:00", "symbol": "DOGE-USD"}, {"trade_id": 139230432, "side": "buy", "size": "1150.40000000", "price": "0.19890000", "time": "2025-07-16T08:05:11.312192Z", "fetched_at": "2025-07-16T08:10:50.083999+00:00", "symbol": "DOGE-USD"}, {"trade_id": 139230431, "side": "buy", "size": "1449.30000000", "price": "0.19890000", "time": "2025-07-16T08:05:11.312192Z", "fetched_at": "2025-07-16T08:10:50.083999+00:00", "symbol": "DOGE-USD"}, {"trade_id": 139230430, "side": "buy", "size": "56.40000000", "price": "0.19891000", "time": "2025-07-16T08:05:11.312192Z", "fetched_at": "2025-07-16T08:10:50.083999+00:00", "symbol": "DOGE-USD"}, {"trade_id": 139230429, "side": "buy", "size": "700.00000000", "price": "0.19891000", "time": "2025-07-16T08:05:11.312192Z", "fetched_at": "2025-07-16T08:10:50.083999+00:00", "symbol": "DOGE-USD"}, {"trade_id": 139230428, "side": "sell", "size": "5.60000000", "price": "0.19892000", "time": "2025-07-16T08:05:08.007737Z", "fetched_at": "2025-07-16T08:10:50.083999+00:00", "symbol": "DOGE-USD"}, {"trade_id": 139230427, "side": "sell", "size": "5.60000000", "price": "0.19890000", "time": "2025-07-16T08:05:03.649878Z", "fetched_at": "2025-07-16T08:10:50.083999+00:00", "symbol": "DOGE-USD"}, {"trade_id": 139230426, "side": "sell", "size": "5.60000000", "price": "0.19888000", "time": "2025-07-16T08:05:00.706479Z", "fetched_at": "2025-07-16T08:10:50.083999+00:00", "symbol": "DOGE-USD"}, {"trade_id": 139230425, "side": "sell", "size": "5.60000000", "price": "0.19886000", "time": "2025-07-16T08:05:00.095887Z", "fetched_at": "2025-07-16T08:10:50.083999+00:00", "symbol": "DOGE-USD"}, {"trade_id": 139230424, "side": "sell", "size": "5.60000000", "price": "0.19884000", "time": "2025-07-16T08:04:59.875714Z", "fetched_at": "2025-07-16T08:10:50.083999+00:00", "symbol": "DOGE-USD"}, {"trade_id": 139230423, "side": "sell", "size": "56.40000000", "price": "0.19882000", "time": "2025-07-16T08:04:58.344166Z", "fetched_at": "2025-07-16T08:10:50.083999+00:00", "symbol": "DOGE-USD"}, {"trade_id": 139230422, "side": "sell", "size": "10060.10000000", "price": "0.19882000", "time": "2025-07-16T08:04:58.338618Z", "fetched_at": "2025-07-16T08:10:50.083999+00:00", "symbol": "DOGE-USD"}, {"trade_id": 139230421, "side": "sell", "size": "5.60000000", "price": "0.19882000", "time": "2025-07-16T08:04:58.338618Z", "fetched_at": "2025-07-16T08:10:50.083999+00:00", "symbol": "DOGE-USD"}, {"trade_id": 139230420, "side": "sell", "size": "4532.30000000", "price": "0.19881000", "time": "2025-07-16T08:04:58.329463Z", "fetched_at": "2025-07-16T08:10:50.083999+00:00", "symbol": "DOGE-USD"}, {"trade_id": 139230419, "side": "sell", "size": "56.40000000", "price": "0.19880000", "time": "2025-07-16T08:04:58.329463Z", "fetched_at": "2025-07-16T08:10:50.083999+00:00", "symbol": "DOGE-USD"}, {"trade_id": 139230418, "side": "sell", "size": "5.60000000", "price": "0.19880000", "time": "2025-07-16T08:04:58.329463Z", "fetched_at": "2025-07-16T08:10:50.083999+00:00", "symbol": "DOGE-USD"}, {"trade_id": 139230417, "side": "sell", "size": "5.60000000", "price": "0.19878000", "time": "2025-07-16T08:04:57.720083Z", "fetched_at": "2025-07-16T08:10:50.083999+00:00", "symbol": "DOGE-USD"}, {"trade_id": 139230416, "side": "sell", "size": "5.60000000", "price": "0.19876000", "time": "2025-07-16T08:04:56.204392Z", "fetched_at": "2025-07-16T08:10:50.083999+00:00", "symbol": "DOGE-USD"}, {"trade_id": 139230415, "side": "buy", "size": "71.60000000", "price": "0.19868000", "time": "2025-07-16T08:04:43.733450Z", "fetched_at": "2025-07-16T08:10:50.083999+00:00", "symbol": "DOGE-USD"}, {"trade_id": 139230414, "side": "buy", "size": "56.50000000", "price": "0.19869000", "time": "2025-07-16T08:04:43.733450Z", "fetched_at": "2025-07-16T08:10:50.083999+00:00", "symbol": "DOGE-USD"}, {"trade_id": 139230413, "side": "buy", "size": "5.60000000", "price": "0.19868000", "time": "2025-07-16T08:04:34.319859Z", "fetched_at": "2025-07-16T08:10:50.083999+00:00", "symbol": "DOGE-USD"}, {"trade_id": 139230412, "side": "buy", "size": "5.60000000", "price": "0.19870000", "time": "2025-07-16T08:04:33.057991Z", "fetched_at": "2025-07-16T08:10:50.083999+00:00", "symbol": "DOGE-USD"}, {"trade_id": 139230411, "side": "buy", "size": "29.50000000", "price": "0.19872000", "time": "2025-07-16T08:04:33.049971Z", "fetched_at": "2025-07-16T08:10:50.083999+00:00", "symbol": "DOGE-USD"}, {"trade_id": 139230410, "side": "buy", "size": "5.60000000", "price": "0.19872000", "time": "2025-07-16T08:04:33.049971Z", "fetched_at": "2025-07-16T08:10:50.083999+00:00", "symbol": "DOGE-USD"}, {"trade_id": 139230409, "side": "buy", "size": "25.20000000", "price": "0.19873000", "time": "2025-07-16T08:04:31.116479Z", "fetched_at": "2025-07-16T08:10:50.083999+00:00", "symbol": "DOGE-USD"}, {"trade_id": 139230408, "side": "sell", "size": "771.00000000", "price": "0.19873000", "time": "2025-07-16T08:04:25.644510Z", "fetched_at": "2025-07-16T08:10:50.083999+00:00", "symbol": "DOGE-USD"}, {"trade_id": 139230407, "side": "buy", "size": "56.40000000", "price": "0.19874000", "time": "2025-07-16T08:04:20.281241Z", "fetched_at": "2025-07-16T08:10:50.083999+00:00", "symbol": "DOGE-USD"}, {"trade_id": 139230406, "side": "buy", "size": "5.60000000", "price": "0.19874000", "time": "2025-07-16T08:04:20.281241Z", "fetched_at": "2025-07-16T08:10:50.083999+00:00", "symbol": "DOGE-USD"}, {"trade_id": 139230405, "side": "buy", "size": "252.40000000", "price": "0.19874000", "time": "2025-07-16T08:04:20.281241Z", "fetched_at": "2025-07-16T08:10:50.083999+00:00", "symbol": "DOGE-USD"}, {"trade_id": 139230404, "side": "buy", "size": "5.60000000", "price": "0.19876000", "time": "2025-07-16T08:04:20.263082Z", "fetched_at": "2025-07-16T08:10:50.083999+00:00", "symbol": "DOGE-USD"}, {"trade_id": 139230403, "side": "buy", "size": "5.60000000", "price": "0.19878000", "time": "2025-07-16T08:04:20.056619Z", "fetched_at": "2025-07-16T08:10:50.083999+00:00", "symbol": "DOGE-USD"}, {"trade_id": 139230402, "side": "buy", "size": "5.60000000", "price": "0.19880000", "time": "2025-07-16T08:04:19.963195Z", "fetched_at": "2025-07-16T08:10:50.083999+00:00", "symbol": "DOGE-USD"}, {"trade_id": 139230401, "side": "buy", "size": "1149.90000000", "price": "0.19882000", "time": "2025-07-16T08:04:19.808404Z", "fetched_at": "2025-07-16T08:10:50.083999+00:00", "symbol": "DOGE-USD"}, {"trade_id": 139230400, "side": "buy", "size": "1149.90000000", "price": "0.19882000", "time": "2025-07-16T08:04:11.468103Z", "fetched_at": "2025-07-16T08:10:50.083999+00:00", "symbol": "DOGE-USD"}, {"trade_id": 139230399, "side": "buy", "size": "5.60000000", "price": "0.19882000", "time": "2025-07-16T08:04:11.468103Z", "fetched_at": "2025-07-16T08:10:50.083999+00:00", "symbol": "DOGE-USD"}, {"trade_id": 139230398, "side": "buy", "size": "56.40000000", "price": "0.19883000", "time": "2025-07-16T08:04:11.468103Z", "fetched_at": "2025-07-16T08:10:50.083999+00:00", "symbol": "DOGE-USD"}, {"trade_id": 139230397, "side": "buy", "size": "5.60000000", "price": "0.19884000", "time": "2025-07-16T08:04:11.468103Z", "fetched_at": "2025-07-16T08:10:50.083999+00:00", "symbol": "DOGE-USD"}, {"trade_id": 139230396, "side": "buy", "size": "7.50000000", "price": "0.19885000", "time": "2025-07-16T08:04:11.468103Z", "fetched_at": "2025-07-16T08:10:50.083999+00:00", "symbol": "DOGE-USD"}, {"trade_id": 139230395, "side": "buy", "size": "5.60000000", "price": "0.19886000", "time": "2025-07-16T08:04:02.981865Z", "fetched_at": "2025-07-16T08:10:50.083999+00:00", "symbol": "DOGE-USD"}, {"trade_id": 139230394, "side": "buy", "size": "5.60000000", "price": "0.19888000", "time": "2025-07-16T08:04:02.273042Z", "fetched_at": "2025-07-16T08:10:50.083999+00:00", "symbol": "DOGE-USD"}, {"trade_id": 139230393, "side": "sell", "size": "62.60000000", "price": "0.19890000", "time": "2025-07-16T08:03:56.944656Z", "fetched_at": "2025-07-16T08:10:50.083999+00:00", "symbol": "DOGE-USD"}, {"trade_id": 139230392, "side": "buy", "size": "7.50000000", "price": "0.19890000", "time": "2025-07-16T08:03:47.149703Z", "fetched_at": "2025-07-16T08:10:50.083999+00:00", "symbol": "DOGE-USD"}, {"trade_id": 139230391, "side": "buy", "size": "5.60000000", "price": "0.19890000", "time": "2025-07-16T08:03:47.149703Z", "fetched_at": "2025-07-16T08:10:50.083999+00:00", "symbol": "DOGE-USD"}, {"trade_id": 139230390, "side": "sell", "size": "48.50000000", "price": "0.19891000", "time": "2025-07-16T08:03:46.748586Z", "fetched_at": "2025-07-16T08:10:50.083999+00:00", "symbol": "DOGE-USD"}, {"trade_id": 139230389, "side": "buy", "size": "7.50000000", "price": "0.19891000", "time": "2025-07-16T08:03:44.215048Z", "fetched_at": "2025-07-16T08:10:50.083999+00:00", "symbol": "DOGE-USD"}, {"trade_id": 139230388, "side": "buy", "size": "5.60000000", "price": "0.19892000", "time": "2025-07-16T08:03:42.848164Z", "fetched_at": "2025-07-16T08:10:50.083999+00:00", "symbol": "DOGE-USD"}, {"trade_id": 139230387, "side": "buy", "size": "771.00000000", "price": "0.19898000", "time": "2025-07-16T08:03:33.063018Z", "fetched_at": "2025-07-16T08:10:50.083999+00:00", "symbol": "DOGE-USD"}, {"trade_id": 139230386, "side": "buy", "size": "25.20000000", "price": "0.19900000", "time": "2025-07-16T08:03:32.080566Z", "fetched_at": "2025-07-16T08:10:50.083999+00:00", "symbol": "DOGE-USD"}, {"trade_id": 139230385, "side": "sell", "size": "5.60000000", "price": "0.19902000", "time": "2025-07-16T08:03:24.596382Z", "fetched_at": "2025-07-16T08:10:50.083999+00:00", "symbol": "DOGE-USD"}, {"trade_id": 139230384, "side": "sell", "size": "307.10000000", "price": "0.19901000", "time": "2025-07-16T08:03:24.495871Z", "fetched_at": "2025-07-16T08:10:50.083999+00:00", "symbol": "DOGE-USD"}, {"trade_id": 139230383, "side": "sell", "size": "5.60000000", "price": "0.19900000", "time": "2025-07-16T08:03:24.364319Z", "fetched_at": "2025-07-16T08:10:50.083999+00:00", "symbol": "DOGE-USD"}, {"trade_id": 139230382, "side": "buy", "size": "1407.00000000", "price": "0.19899000", "time": "2025-07-16T08:03:23.010189Z", "fetched_at": "2025-07-16T08:10:50.083999+00:00", "symbol": "DOGE-USD"}, {"trade_id": 139230381, "side": "sell", "size": "5217.90000000", "price": "0.19899000", "time": "2025-07-16T08:03:21.668834Z", "fetched_at": "2025-07-16T08:10:50.083999+00:00", "symbol": "DOGE-USD"}, {"trade_id": 139230380, "side": "sell", "size": "56.40000000", "price": "0.19898000", "time": "2025-07-16T08:03:21.545352Z", "fetched_at": "2025-07-16T08:10:50.083999+00:00", "symbol": "DOGE-USD"}, {"trade_id": 139230379, "side": "sell", "size": "18014.80000000", "price": "0.19898000", "time": "2025-07-16T08:03:21.545352Z", "fetched_at": "2025-07-16T08:10:50.083999+00:00", "symbol": "DOGE-USD"}, {"trade_id": 139230378, "side": "sell", "size": "113.60000000", "price": "0.19898000", "time": "2025-07-16T08:03:21.345535Z", "fetched_at": "2025-07-16T08:10:50.083999+00:00", "symbol": "DOGE-USD"}, {"trade_id": 139230377, "side": "sell", "size": "5.60000000", "price": "0.19898000", "time": "2025-07-16T08:03:21.345535Z", "fetched_at": "2025-07-16T08:10:50.083999+00:00", "symbol": "DOGE-USD"}, {"trade_id": 139230376, "side": "sell", "size": "455.50000000", "price": "0.19897000", "time": "2025-07-16T08:03:19.600280Z", "fetched_at": "2025-07-16T08:10:50.083999+00:00", "symbol": "DOGE-USD"}, {"trade_id": 139230375, "side": "sell", "size": "5.60000000", "price": "0.19896000", "time": "2025-07-16T08:03:19.600280Z", "fetched_at": "2025-07-16T08:10:50.083999+00:00", "symbol": "DOGE-USD"}, {"trade_id": 139230374, "side": "buy", "size": "1148.50000000", "price": "0.19892000", "time": "2025-07-16T08:03:13.118614Z", "fetched_at": "2025-07-16T08:10:50.083999+00:00", "symbol": "DOGE-USD"}, {"trade_id": 139230373, "side": "sell", "size": "56.40000000", "price": "0.19894000", "time": "2025-07-16T08:03:10.652539Z", "fetched_at": "2025-07-16T08:10:50.083999+00:00", "symbol": "DOGE-USD"}, {"trade_id": 139230372, "side": "sell", "size": "56.40000000", "price": "0.19893000", "time": "2025-07-16T08:03:09.193111Z", "fetched_at": "2025-07-16T08:10:50.083999+00:00", "symbol": "DOGE-USD"}, {"trade_id": 139230371, "side": "sell", "size": "56.40000000", "price": "0.19893000", "time": "2025-07-16T08:03:09.182827Z", "fetched_at": "2025-07-16T08:10:50.083999+00:00", "symbol": "DOGE-USD"}, {"trade_id": 139230370, "side": "sell", "size": "56.40000000", "price": "0.19893000", "time": "2025-07-16T08:03:09.168907Z", "fetched_at": "2025-07-16T08:10:50.083999+00:00", "symbol": "DOGE-USD"}, {"trade_id": 139230369, "side": "sell", "size": "56.40000000", "price": "0.19893000", "time": "2025-07-16T08:03:09.158139Z", "fetched_at": "2025-07-16T08:10:50.083999+00:00", "symbol": "DOGE-USD"}, {"trade_id": 139230368, "side": "sell", "size": "56.40000000", "price": "0.19893000", "time": "2025-07-16T08:03:09.147811Z", "fetched_at": "2025-07-16T08:10:50.083999+00:00", "symbol": "DOGE-USD"}, {"trade_id": 139230367, "side": "buy", "size": "5.60000000", "price": "0.19892000", "time": "2025-07-16T08:03:06.879895Z", "fetched_at": "2025-07-16T08:10:50.083999+00:00", "symbol": "DOGE-USD"}, {"trade_id": 139230366, "side": "buy", "size": "5.60000000", "price": "0.19894000", "time": "2025-07-16T08:03:05.128916Z", "fetched_at": "2025-07-16T08:10:50.083999+00:00", "symbol": "DOGE-USD"}, {"trade_id": 139230365, "side": "buy", "size": "5.60000000", "price": "0.19896000", "time": "2025-07-16T08:03:04.458134Z", "fetched_at": "2025-07-16T08:10:50.083999+00:00", "symbol": "DOGE-USD"}, {"trade_id": 139230364, "side": "buy", "size": "100.40000000", "price": "0.19897000", "time": "2025-07-16T08:03:04.103363Z", "fetched_at": "2025-07-16T08:10:50.083999+00:00", "symbol": "DOGE-USD"}, {"trade_id": 139230363, "side": "buy", "size": "56.40000000", "price": "0.19897000", "time": "2025-07-16T08:03:04.083725Z", "fetched_at": "2025-07-16T08:10:50.083999+00:00", "symbol": "DOGE-USD"}, {"trade_id": 139230362, "side": "buy", "size": "1148.50000000", "price": "0.19897000", "time": "2025-07-16T08:03:04.083725Z", "fetched_at": "2025-07-16T08:10:50.083999+00:00", "symbol": "DOGE-USD"}, {"trade_id": 139230361, "side": "buy", "size": "1148.50000000", "price": "0.19898000", "time": "2025-07-16T08:03:04.083725Z", "fetched_at": "2025-07-16T08:10:50.083999+00:00", "symbol": "DOGE-USD"}, {"trade_id": 139230360, "side": "buy", "size": "2000.00000000", "price": "0.19898000", "time": "2025-07-16T08:03:04.083725Z", "fetched_at": "2025-07-16T08:10:50.083999+00:00", "symbol": "DOGE-USD"}, {"trade_id": 139230359, "side": "buy", "size": "5.60000000", "price": "0.19898000", "time": "2025-07-16T08:03:04.083725Z", "fetched_at": "2025-07-16T08:10:50.083999+00:00", "symbol": "DOGE-USD"}, {"trade_id": 139230358, "side": "buy", "size": "5.60000000", "price": "0.19900000", "time": "2025-07-16T08:03:03.179681Z", "fetched_at": "2025-07-16T08:10:50.083999+00:00", "symbol": "DOGE-USD"}, {"trade_id": 139230357, "side": "buy", "size": "18.00000000", "price": "0.19901000", "time": "2025-07-16T08:03:02.849056Z", "fetched_at": "2025-07-16T08:10:50.083999+00:00", "symbol": "DOGE-USD"}, {"trade_id": 139230356, "side": "buy", "size": "7.50000000", "price": "0.19901000", "time": "2025-07-16T08:03:02.849056Z", "fetched_at": "2025-07-16T08:10:50.083999+00:00", "symbol": "DOGE-USD"}, {"trade_id": 139230355, "side": "buy", "size": "307.10000000", "price": "0.19901000", "time": "2025-07-16T08:03:02.849056Z", "fetched_at": "2025-07-16T08:10:50.083999+00:00", "symbol": "DOGE-USD"}, {"trade_id": 139230354, "side": "buy", "size": "5.60000000", "price": "0.19902000", "time": "2025-07-16T08:03:02.755605Z", "fetched_at": "2025-07-16T08:10:50.083999+00:00", "symbol": "DOGE-USD"}, {"trade_id": 139230353, "side": "buy", "size": "5.60000000", "price": "0.19904000", "time": "2025-07-16T08:03:00.801852Z", "fetched_at": "2025-07-16T08:10:50.083999+00:00", "symbol": "DOGE-USD"}, {"trade_id": 139230352, "side": "sell", "size": "5721.30000000", "price": "0.19911000", "time": "2025-07-16T08:02:59.853628Z", "fetched_at": "2025-07-16T08:10:50.083999+00:00", "symbol": "DOGE-USD"}, {"trade_id": 139230351, "side": "sell", "size": "6996.80000000", "price": "0.19911000", "time": "2025-07-16T08:02:59.827760Z", "fetched_at": "2025-07-16T08:10:50.083999+00:00", "symbol": "DOGE-USD"}, {"trade_id": 139230350, "side": "sell", "size": "5.60000000", "price": "0.19912000", "time": "2025-07-16T08:02:57.444454Z", "fetched_at": "2025-07-16T08:10:50.083999+00:00", "symbol": "DOGE-USD"}, {"trade_id": 139230349, "side": "sell", "size": "525.40000000", "price": "0.19908000", "time": "2025-07-16T08:02:52.527719Z", "fetched_at": "2025-07-16T08:10:50.083999+00:00", "symbol": "DOGE-USD"}, {"trade_id": 139230348, "side": "sell", "size": "56.30000000", "price": "0.19911000", "time": "2025-07-16T08:02:50.007512Z", "fetched_at": "2025-07-16T08:10:50.083999+00:00", "symbol": "DOGE-USD"}, {"trade_id": 139230347, "side": "sell", "size": "56.30000000", "price": "0.19911000", "time": "2025-07-16T08:02:49.997223Z", "fetched_at": "2025-07-16T08:10:50.083999+00:00", "symbol": "DOGE-USD"}, {"trade_id": 139230346, "side": "sell", "size": "56.30000000", "price": "0.19911000", "time": "2025-07-16T08:02:49.973616Z", "fetched_at": "2025-07-16T08:10:50.083999+00:00", "symbol": "DOGE-USD"}, {"trade_id": 139230345, "side": "sell", "size": "56.30000000", "price": "0.19911000", "time": "2025-07-16T08:02:49.865473Z", "fetched_at": "2025-07-16T08:10:50.083999+00:00", "symbol": "DOGE-USD"}, {"trade_id": 139230344, "side": "sell", "size": "56.30000000", "price": "0.19911000", "time": "2025-07-16T08:02:49.854481Z", "fetched_at": "2025-07-16T08:10:50.083999+00:00", "symbol": "DOGE-USD"}, {"trade_id": 139230343, "side": "sell", "size": "202.20000000", "price": "0.19910000", "time": "2025-07-16T08:02:49.843906Z", "fetched_at": "2025-07-16T08:10:50.083999+00:00", "symbol": "DOGE-USD"}, {"trade_id": 139230342, "side": "sell", "size": "56.30000000", "price": "0.19909000", "time": "2025-07-16T08:02:49.833642Z", "fetched_at": "2025-07-16T08:10:50.083999+00:00", "symbol": "DOGE-USD"}, {"trade_id": 139230341, "side": "sell", "size": "4.80000000", "price": "0.19910000", "time": "2025-07-16T08:02:48.833548Z", "fetched_at": "2025-07-16T08:10:50.083999+00:00", "symbol": "DOGE-USD"}, {"trade_id": 139230340, "side": "sell", "size": "414.40000000", "price": "0.19913000", "time": "2025-07-16T08:02:41.242322Z", "fetched_at": "2025-07-16T08:10:50.083999+00:00", "symbol": "DOGE-USD"}, {"trade_id": 139230339, "side": "sell", "size": "56.30000000", "price": "0.19912000", "time": "2025-07-16T08:02:41.242322Z", "fetched_at": "2025-07-16T08:10:50.083999+00:00", "symbol": "DOGE-USD"}, {"trade_id": 139230338, "side": "sell", "size": "5.60000000", "price": "0.19912000", "time": "2025-07-16T08:02:41.242322Z", "fetched_at": "2025-07-16T08:10:50.083999+00:00", "symbol": "DOGE-USD"}, {"trade_id": 139230337, "side": "sell", "size": "56.40000000", "price": "0.19911000", "time": "2025-07-16T08:02:40.610755Z", "fetched_at": "2025-07-16T08:10:50.083999+00:00", "symbol": "DOGE-USD"}, {"trade_id": 139230336, "side": "sell", "size": "56.40000000", "price": "0.19911000", "time": "2025-07-16T08:02:40.595381Z", "fetched_at": "2025-07-16T08:10:50.083999+00:00", "symbol": "DOGE-USD"}, {"trade_id": 139230335, "side": "buy", "size": "209.90000000", "price": "0.19907000", "time": "2025-07-16T08:02:37.276Z", "fetched_at": "2025-07-16T08:10:50.083999+00:00", "symbol": "DOGE-USD"}, {"trade_id": 139230334, "side": "buy", "size": "1148.50000000", "price": "0.19908000", "time": "2025-07-16T08:02:34.676381Z", "fetched_at": "2025-07-16T08:10:50.083999+00:00", "symbol": "DOGE-USD"}, {"trade_id": 139230333, "side": "sell", "size": "788.10000000", "price": "0.19909000", "time": "2025-07-16T08:02:34.672428Z", "fetched_at": "2025-07-16T08:10:50.083999+00:00", "symbol": "DOGE-USD"}, {"trade_id": 139230332, "side": "buy", "size": "1148.50000000", "price": "0.19909000", "time": "2025-07-16T08:02:34.664585Z", "fetched_at": "2025-07-16T08:10:50.083999+00:00", "symbol": "DOGE-USD"}, {"trade_id": 139230331, "side": "buy", "size": "2000.00000000", "price": "0.19909000", "time": "2025-07-16T08:02:34.664585Z", "fetched_at": "2025-07-16T08:10:50.083999+00:00", "symbol": "DOGE-USD"}, {"trade_id": 139230330, "side": "buy", "size": "700.00000000", "price": "0.19910000", "time": "2025-07-16T08:02:34.664585Z", "fetched_at": "2025-07-16T08:10:50.083999+00:00", "symbol": "DOGE-USD"}, {"trade_id": 139230329, "side": "buy", "size": "56.30000000", "price": "0.19910000", "time": "2025-07-16T08:02:34.664585Z", "fetched_at": "2025-07-16T08:10:50.083999+00:00", "symbol": "DOGE-USD"}, {"trade_id": 139230328, "side": "sell", "size": "56.40000000", "price": "0.19911000", "time": "2025-07-16T08:02:30.723572Z", "fetched_at": "2025-07-16T08:10:50.083999+00:00", "symbol": "DOGE-USD"}, {"trade_id": 139230327, "side": "sell", "size": "5.60000000", "price": "0.19910000", "time": "2025-07-16T08:02:30.713506Z", "fetched_at": "2025-07-16T08:10:50.083999+00:00", "symbol": "DOGE-USD"}, {"trade_id": 139230326, "side": "sell", "size": "283.10000000", "price": "0.19909000", "time": "2025-07-16T08:02:30.411427Z", "fetched_at": "2025-07-16T08:10:50.083999+00:00", "symbol": "DOGE-USD"}, {"trade_id": 139230325, "side": "sell", "size": "5.60000000", "price": "0.19908000", "time": "2025-07-16T08:02:30.400744Z", "fetched_at": "2025-07-16T08:10:50.083999+00:00", "symbol": "DOGE-USD"}, {"trade_id": 139230324, "side": "sell", "size": "5153.20000000", "price": "0.19908000", "time": "2025-07-16T08:02:30.400744Z", "fetched_at": "2025-07-16T08:10:50.083999+00:00", "symbol": "DOGE-USD"}, {"trade_id": 139230323, "side": "sell", "size": "11.90000000", "price": "0.19908000", "time": "2025-07-16T08:02:29.901684Z", "fetched_at": "2025-07-16T08:10:50.083999+00:00", "symbol": "DOGE-USD"}, {"trade_id": 139230322, "side": "sell", "size": "56.40000000", "price": "0.19907000", "time": "2025-07-16T08:02:29.629441Z", "fetched_at": "2025-07-16T08:10:50.083999+00:00", "symbol": "DOGE-USD"}, {"trade_id": 139230321, "side": "buy", "size": "56.40000000", "price": "0.19905000", "time": "2025-07-16T08:02:26.786329Z", "fetched_at": "2025-07-16T08:10:50.083999+00:00", "symbol": "DOGE-USD"}, {"trade_id": 139230320, "side": "sell", "size": "2128.40000000", "price": "0.19907000", "time": "2025-07-16T08:02:24.223026Z", "fetched_at": "2025-07-16T08:10:50.083999+00:00", "symbol": "DOGE-USD"}, {"trade_id": 139230319, "side": "sell", "size": "1882.70000000", "price": "0.19907000", "time": "2025-07-16T08:02:24.223026Z", "fetched_at": "2025-07-16T08:10:50.083999+00:00", "symbol": "DOGE-USD"}, {"trade_id": 139230318, "side": "sell", "size": "18187.10000000", "price": "0.19907000", "time": "2025-07-16T08:02:24.223026Z", "fetched_at": "2025-07-16T08:10:50.083999+00:00", "symbol": "DOGE-USD"}, {"trade_id": 139230317, "side": "sell", "size": "56.40000000", "price": "0.19906000", "time": "2025-07-16T08:02:24.223026Z", "fetched_at": "2025-07-16T08:10:50.083999+00:00", "symbol": "DOGE-USD"}, {"trade_id": 139230316, "side": "sell", "size": "3182.80000000", "price": "0.19902000", "time": "2025-07-16T08:02:16.926786Z", "fetched_at": "2025-07-16T08:10:50.083999+00:00", "symbol": "DOGE-USD"}, {"trade_id": 139230315, "side": "sell", "size": "5935.40000000", "price": "0.19902000", "time": "2025-07-16T08:02:16.917087Z", "fetched_at": "2025-07-16T08:10:50.083999+00:00", "symbol": "DOGE-USD"}, {"trade_id": 139230314, "side": "sell", "size": "56.40000000", "price": "0.19899000", "time": "2025-07-16T08:02:16.717328Z", "fetched_at": "2025-07-16T08:10:50.083999+00:00", "symbol": "DOGE-USD"}, {"trade_id": 139230313, "side": "sell", "size": "56.40000000", "price": "0.19899000", "time": "2025-07-16T08:02:16.676640Z", "fetched_at": "2025-07-16T08:10:50.083999+00:00", "symbol": "DOGE-USD"}, {"trade_id": 139230312, "side": "sell", "size": "11579.10000000", "price": "0.19899000", "time": "2025-07-16T08:02:16.662917Z", "fetched_at": "2025-07-16T08:10:50.083999+00:00", "symbol": "DOGE-USD"}, {"trade_id": 139230311, "side": "sell", "size": "56.40000000", "price": "0.19898000", "time": "2025-07-16T08:02:16.662917Z", "fetched_at": "2025-07-16T08:10:50.083999+00:00", "symbol": "DOGE-USD"}, {"trade_id": 139230310, "side": "sell", "size": "1082.60000000", "price": "0.19899000", "time": "2025-07-16T08:02:16.621135Z", "fetched_at": "2025-07-16T08:10:50.083999+00:00", "symbol": "DOGE-USD"}, {"trade_id": 139230309, "side": "sell", "size": "118.10000000", "price": "0.19899000", "time": "2025-07-16T08:02:16.621135Z", "fetched_at": "2025-07-16T08:10:50.083999+00:00", "symbol": "DOGE-USD"}, {"trade_id": 139230308, "side": "sell", "size": "373.50000000", "price": "0.19897000", "time": "2025-07-16T08:02:16.621135Z", "fetched_at": "2025-07-16T08:10:50.083999+00:00", "symbol": "DOGE-USD"}, {"trade_id": 139230307, "side": "sell", "size": "326.50000000", "price": "0.19897000", "time": "2025-07-16T08:02:16.604859Z", "fetched_at": "2025-07-16T08:10:50.083999+00:00", "symbol": "DOGE-USD"}, {"trade_id": 139230306, "side": "sell", "size": "540.90000000", "price": "0.19897000", "time": "2025-07-16T08:02:16.604859Z", "fetched_at": "2025-07-16T08:10:50.083999+00:00", "symbol": "DOGE-USD"}, {"trade_id": 139230305, "side": "sell", "size": "525.40000000", "price": "0.19897000", "time": "2025-07-16T08:02:16.604859Z", "fetched_at": "2025-07-16T08:10:50.083999+00:00", "symbol": "DOGE-USD"}, {"trade_id": 139230304, "side": "sell", "size": "23.20000000", "price": "0.19898000", "time": "2025-07-16T08:02:16.547927Z", "fetched_at": "2025-07-16T08:10:50.083999+00:00", "symbol": "DOGE-USD"}, {"trade_id": 139230303, "side": "sell", "size": "788.10000000", "price": "0.19898000", "time": "2025-07-16T08:02:16.547927Z", "fetched_at": "2025-07-16T08:10:50.083999+00:00", "symbol": "DOGE-USD"}, {"trade_id": 139230302, "side": "buy", "size": "1738.60000000", "price": "0.19897000", "time": "2025-07-16T08:02:16.535905Z", "fetched_at": "2025-07-16T08:10:50.083999+00:00", "symbol": "DOGE-USD"}, {"trade_id": 139230301, "side": "buy", "size": "1249.80000000", "price": "0.19898000", "time": "2025-07-16T08:02:16.534595Z", "fetched_at": "2025-07-16T08:10:50.083999+00:00", "symbol": "DOGE-USD"}, {"trade_id": 139230300, "side": "buy", "size": "6728.10000000", "price": "0.19898000", "time": "2025-07-16T08:02:16.529530Z", "fetched_at": "2025-07-16T08:10:50.083999+00:00", "symbol": "DOGE-USD"}, {"trade_id": 139230299, "side": "buy", "size": "7061.30000000", "price": "0.19898000", "time": "2025-07-16T08:02:16.528505Z", "fetched_at": "2025-07-16T08:10:50.083999+00:00", "symbol": "DOGE-USD"}, {"trade_id": 139230298, "side": "buy", "size": "3047.90000000", "price": "0.19898000", "time": "2025-07-16T08:02:16.527403Z", "fetched_at": "2025-07-16T08:10:50.083999+00:00", "symbol": "DOGE-USD"}, {"trade_id": 139230297, "side": "buy", "size": "5.60000000", "price": "0.19898000", "time": "2025-07-16T08:02:16.527403Z", "fetched_at": "2025-07-16T08:10:50.083999+00:00", "symbol": "DOGE-USD"}, {"trade_id": 139230296, "side": "buy", "size": "700.00000000", "price": "0.19899000", "time": "2025-07-16T08:02:16.527403Z", "fetched_at": "2025-07-16T08:10:50.083999+00:00", "symbol": "DOGE-USD"}, {"trade_id": 139230295, "side": "buy", "size": "3946.80000000", "price": "0.19899000", "time": "2025-07-16T08:02:16.524713Z", "fetched_at": "2025-07-16T08:10:50.083999+00:00", "symbol": "DOGE-USD"}, {"trade_id": 139230294, "side": "buy", "size": "700.00000000", "price": "0.19900000", "time": "2025-07-16T08:02:16.524713Z", "fetched_at": "2025-07-16T08:10:50.083999+00:00", "symbol": "DOGE-USD"}, {"trade_id": 139230293, "side": "buy", "size": "9300.00000000", "price": "0.19900000", "time": "2025-07-16T08:02:16.523399Z", "fetched_at": "2025-07-16T08:10:50.083999+00:00", "symbol": "DOGE-USD"}, {"trade_id": 139230292, "side": "buy", "size": "5.60000000", "price": "0.19900000", "time": "2025-07-16T08:02:16.523399Z", "fetched_at": "2025-07-16T08:10:50.083999+00:00", "symbol": "DOGE-USD"}, {"trade_id": 139230291, "side": "buy", "size": "700.00000000", "price": "0.19901000", "time": "2025-07-16T08:02:16.523399Z", "fetched_at": "2025-07-16T08:10:50.083999+00:00", "symbol": "DOGE-USD"}, {"trade_id": 139230290, "side": "buy", "size": "56.40000000", "price": "0.19901000", "time": "2025-07-16T08:02:16.522299Z", "fetched_at": "2025-07-16T08:10:50.083999+00:00", "symbol": "DOGE-USD"}, {"trade_id": 139230289, "side": "buy", "size": "1148.50000000", "price": "0.19902000", "time": "2025-07-16T08:02:16.522299Z", "fetched_at": "2025-07-16T08:10:50.083999+00:00", "symbol": "DOGE-USD"}, {"trade_id": 139230288, "side": "buy", "size": "5.60000000", "price": "0.19902000", "time": "2025-07-16T08:02:16.522299Z", "fetched_at": "2025-07-16T08:10:50.083999+00:00", "symbol": "DOGE-USD"}, {"trade_id": 139230287, "side": "buy", "size": "2000.00000000", "price": "0.19904000", "time": "2025-07-16T08:02:15.613642Z", "fetched_at": "2025-07-16T08:10:50.083999+00:00", "symbol": "DOGE-USD"}, {"trade_id": 139230286, "side": "buy", "size": "1148.50000000", "price": "0.19904000", "time": "2025-07-16T08:02:13.266885Z", "fetched_at": "2025-07-16T08:10:50.083999+00:00", "symbol": "DOGE-USD"}, {"trade_id": 139230285, "side": "buy", "size": "5.60000000", "price": "0.19904000", "time": "2025-07-16T08:02:13.266885Z", "fetched_at": "2025-07-16T08:10:50.083999+00:00", "symbol": "DOGE-USD"}, {"trade_id": 139230284, "side": "buy", "size": "5.60000000", "price": "0.19906000", "time": "2025-07-16T08:02:12.142717Z", "fetched_at": "2025-07-16T08:10:50.083999+00:00", "symbol": "DOGE-USD"}, {"trade_id": 139230283, "side": "buy", "size": "4919.00000000", "price": "0.19908000", "time": "2025-07-16T08:02:11.929211Z", "fetched_at": "2025-07-16T08:10:50.083999+00:00", "symbol": "DOGE-USD"}, {"trade_id": 139230282, "side": "buy", "size": "5.60000000", "price": "0.19908000", "time": "2025-07-16T08:02:11.929211Z", "fetched_at": "2025-07-16T08:10:50.083999+00:00", "symbol": "DOGE-USD"}, {"trade_id": 139230281, "side": "buy", "size": "5.60000000", "price": "0.19910000", "time": "2025-07-16T08:02:11.392792Z", "fetched_at": "2025-07-16T08:10:50.083999+00:00", "symbol": "DOGE-USD"}, {"trade_id": 139230280, "side": "buy", "size": "5.60000000", "price": "0.19912000", "time": "2025-07-16T08:02:10.908182Z", "fetched_at": "2025-07-16T08:10:50.083999+00:00", "symbol": "DOGE-USD"}, {"trade_id": 139230279, "side": "buy", "size": "2000.00000000", "price": "0.19913000", "time": "2025-07-16T08:02:10.816185Z", "fetched_at": "2025-07-16T08:10:50.083999+00:00", "symbol": "DOGE-USD"}, {"trade_id": 139230278, "side": "sell", "size": "2425.30000000", "price": "0.19913000", "time": "2025-07-16T08:02:07.281401Z", "fetched_at": "2025-07-16T08:10:50.083999+00:00", "symbol": "DOGE-USD"}, {"trade_id": 139230277, "side": "buy", "size": "18099.90000000", "price": "0.19914000", "time": "2025-07-16T08:02:06.233340Z", "fetched_at": "2025-07-16T08:10:50.083999+00:00", "symbol": "DOGE-USD"}, {"trade_id": 139230276, "side": "buy", "size": "5.60000000", "price": "0.19914000", "time": "2025-07-16T08:02:06.233340Z", "fetched_at": "2025-07-16T08:10:50.083999+00:00", "symbol": "DOGE-USD"}, {"trade_id": 139230275, "side": "buy", "size": "56.30000000", "price": "0.19916000", "time": "2025-07-16T08:02:06.231483Z", "fetched_at": "2025-07-16T08:10:50.083999+00:00", "symbol": "DOGE-USD"}, {"trade_id": 139230274, "side": "buy", "size": "5.60000000", "price": "0.19916000", "time": "2025-07-16T08:02:06.231483Z", "fetched_at": "2025-07-16T08:10:50.083999+00:00", "symbol": "DOGE-USD"}, {"trade_id": 139230273, "side": "buy", "size": "2000.00000000", "price": "0.19917000", "time": "2025-07-16T08:02:06.227879Z", "fetched_at": "2025-07-16T08:10:50.083999+00:00", "symbol": "DOGE-USD"}, {"trade_id": 139230272, "side": "sell", "size": "12718.10000000", "price": "0.19920000", "time": "2025-07-16T08:02:03.306261Z", "fetched_at": "2025-07-16T08:10:50.083999+00:00", "symbol": "DOGE-USD"}, {"trade_id": 139230271, "side": "sell", "size": "92.00000000", "price": "0.19926000", "time": "2025-07-16T08:01:49.710624Z", "fetched_at": "2025-07-16T08:10:50.083999+00:00", "symbol": "DOGE-USD"}, {"trade_id": 139230270, "side": "sell", "size": "5.60000000", "price": "0.19926000", "time": "2025-07-16T08:01:49.710624Z", "fetched_at": "2025-07-16T08:10:50.083999+00:00", "symbol": "DOGE-USD"}, {"trade_id": 139230269, "side": "sell", "size": "5.60000000", "price": "0.19924000", "time": "2025-07-16T08:01:46.926677Z", "fetched_at": "2025-07-16T08:10:50.083999+00:00", "symbol": "DOGE-USD"}, {"trade_id": 139230268, "side": "sell", "size": "5.60000000", "price": "0.19922000", "time": "2025-07-16T08:01:46.849462Z", "fetched_at": "2025-07-16T08:10:50.083999+00:00", "symbol": "DOGE-USD"}, {"trade_id": 139230267, "side": "sell", "size": "5.60000000", "price": "0.19920000", "time": "2025-07-16T08:01:46.535160Z", "fetched_at": "2025-07-16T08:10:50.083999+00:00", "symbol": "DOGE-USD"}, {"trade_id": 139230266, "side": "sell", "size": "1158.10000000", "price": "0.19919000", "time": "2025-07-16T08:01:29.869585Z", "fetched_at": "2025-07-16T08:10:50.083999+00:00", "symbol": "DOGE-USD"}, {"trade_id": 139230265, "side": "sell", "size": "415.70000000", "price": "0.19919000", "time": "2025-07-16T08:01:29.869585Z", "fetched_at": "2025-07-16T08:10:50.083999+00:00", "symbol": "DOGE-USD"}, {"trade_id": 139230264, "side": "sell", "size": "1376.50000000", "price": "0.19918000", "time": "2025-07-16T08:01:29.869585Z", "fetched_at": "2025-07-16T08:10:50.083999+00:00", "symbol": "DOGE-USD"}, {"trade_id": 139230263, "side": "sell", "size": "5.60000000", "price": "0.19918000", "time": "2025-07-16T08:01:29.869585Z", "fetched_at": "2025-07-16T08:10:50.083999+00:00", "symbol": "DOGE-USD"}, {"trade_id": 139230262, "side": "sell", "size": "56.30000000", "price": "0.19917000", "time": "2025-07-16T08:01:29.869585Z", "fetched_at": "2025-07-16T08:10:50.083999+00:00", "symbol": "DOGE-USD"}, {"trade_id": 139230261, "side": "sell", "size": "5.60000000", "price": "0.19916000", "time": "2025-07-16T08:01:29.601031Z", "fetched_at": "2025-07-16T08:10:50.083999+00:00", "symbol": "DOGE-USD"}, {"trade_id": 139230260, "side": "sell", "size": "5.60000000", "price": "0.19914000", "time": "2025-07-16T08:01:29.218016Z", "fetched_at": "2025-07-16T08:10:50.083999+00:00", "symbol": "DOGE-USD"}, {"trade_id": 139230259, "side": "sell", "size": "840.80000000", "price": "0.19912000", "time": "2025-07-16T08:01:29.090808Z", "fetched_at": "2025-07-16T08:10:50.083999+00:00", "symbol": "DOGE-USD"}, {"trade_id": 139230258, "side": "sell", "size": "5.60000000", "price": "0.19912000", "time": "2025-07-16T08:01:29.090808Z", "fetched_at": "2025-07-16T08:10:50.083999+00:00", "symbol": "DOGE-USD"}, {"trade_id": 139230257, "side": "sell", "size": "5.60000000", "price": "0.19910000", "time": "2025-07-16T08:01:25.265786Z", "fetched_at": "2025-07-16T08:10:50.083999+00:00", "symbol": "DOGE-USD"}, {"trade_id": 139230256, "side": "sell", "size": "459.70000000", "price": "0.19910000", "time": "2025-07-16T08:01:25.265786Z", "fetched_at": "2025-07-16T08:10:50.083999+00:00", "symbol": "DOGE-USD"}, {"trade_id": 139230255, "side": "sell", "size": "18116.20000000", "price": "0.19909000", "time": "2025-07-16T08:01:25.208446Z", "fetched_at": "2025-07-16T08:10:50.083999+00:00", "symbol": "DOGE-USD"}, {"trade_id": 139230254, "side": "sell", "size": "5.60000000", "price": "0.19908000", "time": "2025-07-16T08:01:25.208446Z", "fetched_at": "2025-07-16T08:10:50.083999+00:00", "symbol": "DOGE-USD"}, {"trade_id": 139230253, "side": "sell", "size": "5.60000000", "price": "0.19906000", "time": "2025-07-16T08:01:24.852347Z", "fetched_at": "2025-07-16T08:10:50.083999+00:00", "symbol": "DOGE-USD"}, {"trade_id": 139230252, "side": "sell", "size": "2780.50000000", "price": "0.19902000", "time": "2025-07-16T08:01:22.287058Z", "fetched_at": "2025-07-16T08:10:50.083999+00:00", "symbol": "DOGE-USD"}, {"trade_id": 139230251, "side": "sell", "size": "694.40000000", "price": "0.19901000", "time": "2025-07-16T08:01:22.287058Z", "fetched_at": "2025-07-16T08:10:50.083999+00:00", "symbol": "DOGE-USD"}, {"trade_id": 139230250, "side": "sell", "size": "1525.10000000", "price": "0.19901000", "time": "2025-07-16T08:01:22.287058Z", "fetched_at": "2025-07-16T08:10:50.083999+00:00", "symbol": "DOGE-USD"}, {"trade_id": 139230249, "side": "sell", "size": "3966.60000000", "price": "0.19901000", "time": "2025-07-16T08:01:21.287049Z", "fetched_at": "2025-07-16T08:10:50.083999+00:00", "symbol": "DOGE-USD"}, {"trade_id": 139230248, "side": "sell", "size": "1033.40000000", "price": "0.19901000", "time": "2025-07-16T08:01:21.287049Z", "fetched_at": "2025-07-16T08:10:50.083999+00:00", "symbol": "DOGE-USD"}, {"trade_id": 139230247, "side": "sell", "size": "606.10000000", "price": "0.19901000", "time": "2025-07-16T08:01:20.285228Z", "fetched_at": "2025-07-16T08:10:50.083999+00:00", "symbol": "DOGE-USD"}, {"trade_id": 139230246, "side": "sell", "size": "56.40000000", "price": "0.19901000", "time": "2025-07-16T08:01:20.285228Z", "fetched_at": "2025-07-16T08:10:50.083999+00:00", "symbol": "DOGE-USD"}, {"trade_id": 139230245, "side": "sell", "size": "1519.10000000", "price": "0.19901000", "time": "2025-07-16T08:01:20.285228Z", "fetched_at": "2025-07-16T08:10:50.083999+00:00", "symbol": "DOGE-USD"}, {"trade_id": 139230244, "side": "sell", "size": "525.40000000", "price": "0.19901000", "time": "2025-07-16T08:01:20.285228Z", "fetched_at": "2025-07-16T08:10:50.083999+00:00", "symbol": "DOGE-USD"}, {"trade_id": 139230243, "side": "sell", "size": "700.00000000", "price": "0.19901000", "time": "2025-07-16T08:01:20.285228Z", "fetched_at": "2025-07-16T08:10:50.083999+00:00", "symbol": "DOGE-USD"}, {"trade_id": 139230242, "side": "sell", "size": "1593.00000000", "price": "0.19901000", "time": "2025-07-16T08:01:20.285228Z", "fetched_at": "2025-07-16T08:10:50.083999+00:00", "symbol": "DOGE-USD"}, {"trade_id": 139230241, "side": "buy", "size": "1148.50000000", "price": "0.19901000", "time": "2025-07-16T08:01:18.884474Z", "fetched_at": "2025-07-16T08:10:50.083999+00:00", "symbol": "DOGE-USD"}, {"trade_id": 139230240, "side": "buy", "size": "56.40000000", "price": "0.19902000", "time": "2025-07-16T08:01:18.884474Z", "fetched_at": "2025-07-16T08:10:50.083999+00:00", "symbol": "DOGE-USD"}, {"trade_id": 139230239, "side": "buy", "size": "5.60000000", "price": "0.19902000", "time": "2025-07-16T08:01:18.884474Z", "fetched_at": "2025-07-16T08:10:50.083999+00:00", "symbol": "DOGE-USD"}, {"trade_id": 139230238, "side": "buy", "size": "5.60000000", "price": "0.19904000", "time": "2025-07-16T08:01:18.884474Z", "fetched_at": "2025-07-16T08:10:50.083999+00:00", "symbol": "DOGE-USD"}, {"trade_id": 139230237, "side": "buy", "size": "5.60000000", "price": "0.19906000", "time": "2025-07-16T08:01:16.943590Z", "fetched_at": "2025-07-16T08:10:50.083999+00:00", "symbol": "DOGE-USD"}, {"trade_id": 139230236, "side": "buy", "size": "1148.50000000", "price": "0.19910000", "time": "2025-07-16T08:01:12.285995Z", "fetched_at": "2025-07-16T08:10:50.083999+00:00", "symbol": "DOGE-USD"}, {"trade_id": 139230235, "side": "buy", "size": "1263.00000000", "price": "0.19911000", "time": "2025-07-16T08:01:12.285995Z", "fetched_at": "2025-07-16T08:10:50.083999+00:00", "symbol": "DOGE-USD"}, {"trade_id": 139230234, "side": "sell", "size": "5.60000000", "price": "0.19912000", "time": "2025-07-16T08:01:11.371760Z", "fetched_at": "2025-07-16T08:10:50.083999+00:00", "symbol": "DOGE-USD"}, {"trade_id": 139230233, "side": "sell", "size": "5.60000000", "price": "0.19910000", "time": "2025-07-16T08:01:07.768003Z", "fetched_at": "2025-07-16T08:10:50.083999+00:00", "symbol": "DOGE-USD"}, {"trade_id": 139230232, "side": "sell", "size": "5.60000000", "price": "0.19908000", "time": "2025-07-16T08:01:06.508686Z", "fetched_at": "2025-07-16T08:10:50.083999+00:00", "symbol": "DOGE-USD"}, {"trade_id": 139230231, "side": "sell", "size": "5.60000000", "price": "0.19906000", "time": "2025-07-16T08:01:06.372907Z", "fetched_at": "2025-07-16T08:10:50.083999+00:00", "symbol": "DOGE-USD"}, {"trade_id": 139230230, "side": "sell", "size": "5.60000000", "price": "0.19904000", "time": "2025-07-16T08:01:06.316732Z", "fetched_at": "2025-07-16T08:10:50.083999+00:00", "symbol": "DOGE-USD"}, {"trade_id": 139230229, "side": "buy", "size": "1148.50000000", "price": "0.19903000", "time": "2025-07-16T08:01:01.908184Z", "fetched_at": "2025-07-16T08:10:50.083999+00:00", "symbol": "DOGE-USD"}, {"trade_id": 139230228, "side": "sell", "size": "2084.80000000", "price": "0.19901000", "time": "2025-07-16T08:01:00.316190Z", "fetched_at": "2025-07-16T08:10:50.083999+00:00", "symbol": "DOGE-USD"}, {"trade_id": 139230227, "side": "sell", "size": "2825.60000000", "price": "0.19901000", "time": "2025-07-16T08:01:00.310535Z", "fetched_at": "2025-07-16T08:10:50.083999+00:00", "symbol": "DOGE-USD"}, {"trade_id": 139230226, "side": "sell", "size": "6418.00000000", "price": "0.19901000", "time": "2025-07-16T08:01:00.299323Z", "fetched_at": "2025-07-16T08:10:50.083999+00:00", "symbol": "DOGE-USD"}, {"trade_id": 139230225, "side": "sell", "size": "8761.50000000", "price": "0.19901000", "time": "2025-07-16T08:01:00.274158Z", "fetched_at": "2025-07-16T08:10:50.083999+00:00", "symbol": "DOGE-USD"}, {"trade_id": 139230224, "side": "sell", "size": "2977.60000000", "price": "0.19901000", "time": "2025-07-16T08:00:56.846678Z", "fetched_at": "2025-07-16T08:10:50.083999+00:00", "symbol": "DOGE-USD"}, {"trade_id": 139230223, "side": "sell", "size": "3040.90000000", "price": "0.19901000", "time": "2025-07-16T08:00:56.834842Z", "fetched_at": "2025-07-16T08:10:50.083999+00:00", "symbol": "DOGE-USD"}, {"trade_id": 139230222, "side": "sell", "size": "6072.50000000", "price": "0.19901000", "time": "2025-07-16T08:00:56.822521Z", "fetched_at": "2025-07-16T08:10:50.083999+00:00", "symbol": "DOGE-USD"}, {"trade_id": 139230221, "side": "sell", "size": "205.10000000", "price": "0.19901000", "time": "2025-07-16T08:00:56.787894Z", "fetched_at": "2025-07-16T08:10:50.083999+00:00", "symbol": "DOGE-USD"}, {"trade_id": 139230220, "side": "sell", "size": "2702.70000000", "price": "0.19901000", "time": "2025-07-16T08:00:56.775538Z", "fetched_at": "2025-07-16T08:10:50.083999+00:00", "symbol": "DOGE-USD"}, {"trade_id": 139230219, "side": "sell", "size": "5679.90000000", "price": "0.19901000", "time": "2025-07-16T08:00:56.760008Z", "fetched_at": "2025-07-16T08:10:50.083999+00:00", "symbol": "DOGE-USD"}, {"trade_id": 139230218, "side": "sell", "size": "2923.00000000", "price": "0.19901000", "time": "2025-07-16T08:00:56.749293Z", "fetched_at": "2025-07-16T08:10:50.083999+00:00", "symbol": "DOGE-USD"}, {"trade_id": 139230217, "side": "sell", "size": "5462.50000000", "price": "0.19901000", "time": "2025-07-16T08:00:56.737606Z", "fetched_at": "2025-07-16T08:10:50.083999+00:00", "symbol": "DOGE-USD"}, {"trade_id": 139230216, "side": "sell", "size": "10600.00000000", "price": "0.19901000", "time": "2025-07-16T08:00:56.727282Z", "fetched_at": "2025-07-16T08:10:50.083999+00:00", "symbol": "DOGE-USD"}, {"trade_id": 139230215, "side": "buy", "size": "50.40000000", "price": "0.19899000", "time": "2025-07-16T08:00:56.647885Z", "fetched_at": "2025-07-16T08:10:50.083999+00:00", "symbol": "DOGE-USD"}, {"trade_id": 139230214, "side": "sell", "size": "4021.20000000", "price": "0.19899000", "time": "2025-07-16T08:00:55.769540Z", "fetched_at": "2025-07-16T08:10:50.083999+00:00", "symbol": "DOGE-USD"}, {"trade_id": 139230213, "side": "sell", "size": "944.90000000", "price": "0.19899000", "time": "2025-07-16T08:00:55.769540Z", "fetched_at": "2025-07-16T08:10:50.083999+00:00", "symbol": "DOGE-USD"}, {"trade_id": 139230212, "side": "sell", "size": "5365.40000000", "price": "0.19900000", "time": "2025-07-16T08:00:49.885142Z", "fetched_at": "2025-07-16T08:10:50.083999+00:00", "symbol": "DOGE-USD"}, {"trade_id": 139230211, "side": "sell", "size": "7352.70000000", "price": "0.19900000", "time": "2025-07-16T08:00:49.871824Z", "fetched_at": "2025-07-16T08:10:50.083999+00:00", "symbol": "DOGE-USD"}, {"trade_id": 139230210, "side": "buy", "size": "3353.80000000", "price": "0.19899000", "time": "2025-07-16T08:00:48.118864Z", "fetched_at": "2025-07-16T08:10:50.083999+00:00", "symbol": "DOGE-USD"}, {"trade_id": 139230209, "side": "buy", "size": "18141.90000000", "price": "0.19900000", "time": "2025-07-16T08:00:48.118864Z", "fetched_at": "2025-07-16T08:10:50.083999+00:00", "symbol": "DOGE-USD"}, {"trade_id": 139230208, "side": "buy", "size": "5.60000000", "price": "0.19900000", "time": "2025-07-16T08:00:48.118864Z", "fetched_at": "2025-07-16T08:10:50.083999+00:00", "symbol": "DOGE-USD"}, {"trade_id": 139230207, "side": "buy", "size": "56.40000000", "price": "0.19901000", "time": "2025-07-16T08:00:48.115102Z", "fetched_at": "2025-07-16T08:10:50.083999+00:00", "symbol": "DOGE-USD"}, {"trade_id": 139230206, "side": "buy", "size": "1147.90000000", "price": "0.19902000", "time": "2025-07-16T08:00:48.115102Z", "fetched_at": "2025-07-16T08:10:50.083999+00:00", "symbol": "DOGE-USD"}, {"trade_id": 139230205, "side": "buy", "size": "5.60000000", "price": "0.19902000", "time": "2025-07-16T08:00:48.115102Z", "fetched_at": "2025-07-16T08:10:50.083999+00:00", "symbol": "DOGE-USD"}