[{"trade_id": 139201770, "side": "buy", "size": "5.50000000", "price": "0.20092000", "time": "2025-07-16T01:20:18.295726Z", "fetched_at": "2025-07-16T01:20:19.963784+00:00", "symbol": "DOGE-USD"}, {"trade_id": 139201769, "side": "buy", "size": "55.80000000", "price": "0.20093000", "time": "2025-07-16T01:20:18.205515Z", "fetched_at": "2025-07-16T01:20:19.963784+00:00", "symbol": "DOGE-USD"}, {"trade_id": 139201768, "side": "buy", "size": "696.10000000", "price": "0.20094000", "time": "2025-07-16T01:20:18.202118Z", "fetched_at": "2025-07-16T01:20:19.963784+00:00", "symbol": "DOGE-USD"}, {"trade_id": 139201767, "side": "buy", "size": "5.50000000", "price": "0.20094000", "time": "2025-07-16T01:20:18.202118Z", "fetched_at": "2025-07-16T01:20:19.963784+00:00", "symbol": "DOGE-USD"}, {"trade_id": 139201766, "side": "buy", "size": "600.10000000", "price": "0.20099000", "time": "2025-07-16T01:20:13.802805Z", "fetched_at": "2025-07-16T01:20:19.963784+00:00", "symbol": "DOGE-USD"}, {"trade_id": 139201765, "side": "buy", "size": "56.80000000", "price": "0.20099000", "time": "2025-07-16T01:20:13.772646Z", "fetched_at": "2025-07-16T01:20:19.963784+00:00", "symbol": "DOGE-USD"}, {"trade_id": 139201764, "side": "buy", "size": "202.20000000", "price": "0.20099000", "time": "2025-07-16T01:20:11.551714Z", "fetched_at": "2025-07-16T01:20:19.963784+00:00", "symbol": "DOGE-USD"}, {"trade_id": 139201763, "side": "buy", "size": "13.70000000", "price": "0.20098000", "time": "2025-07-16T01:20:10.354359Z", "fetched_at": "2025-07-16T01:20:19.963784+00:00", "symbol": "DOGE-USD"}, {"trade_id": 139201762, "side": "buy", "size": "9.20000000", "price": "0.20097000", "time": "2025-07-16T01:20:06.904564Z", "fetched_at": "2025-07-16T01:20:19.963784+00:00", "symbol": "DOGE-USD"}, {"trade_id": 139201761, "side": "buy", "size": "55.80000000", "price": "0.20098000", "time": "2025-07-16T01:20:06.904564Z", "fetched_at": "2025-07-16T01:20:19.963784+00:00", "symbol": "DOGE-USD"}, {"trade_id": 139201760, "side": "buy", "size": "1024.50000000", "price": "0.20099000", "time": "2025-07-16T01:20:02.902048Z", "fetched_at": "2025-07-16T01:20:19.963784+00:00", "symbol": "DOGE-USD"}, {"trade_id": 139201759, "side": "sell", "size": "574.70000000", "price": "0.20106000", "time": "2025-07-16T01:20:02.564762Z", "fetched_at": "2025-07-16T01:20:19.963784+00:00", "symbol": "DOGE-USD"}, {"trade_id": 139201758, "side": "sell", "size": "5.50000000", "price": "0.20106000", "time": "2025-07-16T01:20:02.564762Z", "fetched_at": "2025-07-16T01:20:19.963784+00:00", "symbol": "DOGE-USD"}, {"trade_id": 139201757, "side": "sell", "size": "5.50000000", "price": "0.20104000", "time": "2025-07-16T01:20:02.393182Z", "fetched_at": "2025-07-16T01:20:19.963784+00:00", "symbol": "DOGE-USD"}, {"trade_id": 139201756, "side": "sell", "size": "5.50000000", "price": "0.20102000", "time": "2025-07-16T01:20:02.335322Z", "fetched_at": "2025-07-16T01:20:19.963784+00:00", "symbol": "DOGE-USD"}, {"trade_id": 139201755, "side": "sell", "size": "17.60000000", "price": "0.20100000", "time": "2025-07-16T01:20:02.325697Z", "fetched_at": "2025-07-16T01:20:19.963784+00:00", "symbol": "DOGE-USD"}, {"trade_id": 139201754, "side": "sell", "size": "13.30000000", "price": "0.20100000", "time": "2025-07-16T01:20:02.325697Z", "fetched_at": "2025-07-16T01:20:19.963784+00:00", "symbol": "DOGE-USD"}, {"trade_id": 139201753, "side": "sell", "size": "73.80000000", "price": "0.20100000", "time": "2025-07-16T01:20:02.325697Z", "fetched_at": "2025-07-16T01:20:19.963784+00:00", "symbol": "DOGE-USD"}, {"trade_id": 139201752, "side": "sell", "size": "17.30000000", "price": "0.20100000", "time": "2025-07-16T01:20:02.325697Z", "fetched_at": "2025-07-16T01:20:19.963784+00:00", "symbol": "DOGE-USD"}, {"trade_id": 139201751, "side": "sell", "size": "111.60000000", "price": "0.20100000", "time": "2025-07-16T01:20:02.325697Z", "fetched_at": "2025-07-16T01:20:19.963784+00:00", "symbol": "DOGE-USD"}, {"trade_id": 139201750, "side": "sell", "size": "167.40000000", "price": "0.20100000", "time": "2025-07-16T01:20:02.325697Z", "fetched_at": "2025-07-16T01:20:19.963784+00:00", "symbol": "DOGE-USD"}, {"trade_id": 139201749, "side": "sell", "size": "17.30000000", "price": "0.20100000", "time": "2025-07-16T01:20:02.325697Z", "fetched_at": "2025-07-16T01:20:19.963784+00:00", "symbol": "DOGE-USD"}, {"trade_id": 139201748, "side": "sell", "size": "5.50000000", "price": "0.20100000", "time": "2025-07-16T01:20:02.325697Z", "fetched_at": "2025-07-16T01:20:19.963784+00:00", "symbol": "DOGE-USD"}, {"trade_id": 139201747, "side": "sell", "size": "43.70000000", "price": "0.20100000", "time": "2025-07-16T01:20:02.325697Z", "fetched_at": "2025-07-16T01:20:19.963784+00:00", "symbol": "DOGE-USD"}, {"trade_id": 139201746, "side": "buy", "size": "158.30000000", "price": "0.20099000", "time": "2025-07-16T01:19:59.385775Z", "fetched_at": "2025-07-16T01:20:19.963784+00:00", "symbol": "DOGE-USD"}, {"trade_id": 139201745, "side": "buy", "size": "894.10000000", "price": "0.20099000", "time": "2025-07-16T01:19:59.385775Z", "fetched_at": "2025-07-16T01:20:19.963784+00:00", "symbol": "DOGE-USD"}, {"trade_id": 139201744, "side": "sell", "size": "73.90000000", "price": "0.20100000", "time": "2025-07-16T01:19:59.212310Z", "fetched_at": "2025-07-16T01:20:19.963784+00:00", "symbol": "DOGE-USD"}, {"trade_id": 139201743, "side": "buy", "size": "202.20000000", "price": "0.20099000", "time": "2025-07-16T01:19:58.632980Z", "fetched_at": "2025-07-16T01:20:19.963784+00:00", "symbol": "DOGE-USD"}, {"trade_id": 139201742, "side": "sell", "size": "483.90000000", "price": "0.20100000", "time": "2025-07-16T01:19:54.291094Z", "fetched_at": "2025-07-16T01:20:19.963784+00:00", "symbol": "DOGE-USD"}, {"trade_id": 139201741, "side": "sell", "size": "47.20000000", "price": "0.20100000", "time": "2025-07-16T01:19:53.398013Z", "fetched_at": "2025-07-16T01:20:19.963784+00:00", "symbol": "DOGE-USD"}, {"trade_id": 139201740, "side": "sell", "size": "74.00000000", "price": "0.20100000", "time": "2025-07-16T01:19:53.349586Z", "fetched_at": "2025-07-16T01:20:19.963784+00:00", "symbol": "DOGE-USD"}, {"trade_id": 139201739, "side": "sell", "size": "19277.30000000", "price": "0.20100000", "time": "2025-07-16T01:19:52.472983Z", "fetched_at": "2025-07-16T01:20:19.963784+00:00", "symbol": "DOGE-USD"}, {"trade_id": 139201738, "side": "sell", "size": "335.00000000", "price": "0.20100000", "time": "2025-07-16T01:19:52.472983Z", "fetched_at": "2025-07-16T01:20:19.963784+00:00", "symbol": "DOGE-USD"}, {"trade_id": 139201737, "side": "sell", "size": "55.80000000", "price": "0.20099000", "time": "2025-07-16T01:19:49.816589Z", "fetched_at": "2025-07-16T01:20:19.963784+00:00", "symbol": "DOGE-USD"}, {"trade_id": 139201736, "side": "sell", "size": "5.50000000", "price": "0.20096000", "time": "2025-07-16T01:19:49.366337Z", "fetched_at": "2025-07-16T01:20:19.963784+00:00", "symbol": "DOGE-USD"}, {"trade_id": 139201735, "side": "sell", "size": "5.50000000", "price": "0.20094000", "time": "2025-07-16T01:19:49.275308Z", "fetched_at": "2025-07-16T01:20:19.963784+00:00", "symbol": "DOGE-USD"}, {"trade_id": 139201734, "side": "sell", "size": "18.10000000", "price": "0.20092000", "time": "2025-07-16T01:19:47.928125Z", "fetched_at": "2025-07-16T01:20:19.963784+00:00", "symbol": "DOGE-USD"}, {"trade_id": 139201733, "side": "sell", "size": "5.50000000", "price": "0.20092000", "time": "2025-07-16T01:19:47.928125Z", "fetched_at": "2025-07-16T01:20:19.963784+00:00", "symbol": "DOGE-USD"}, {"trade_id": 139201732, "side": "sell", "size": "5.50000000", "price": "0.20090000", "time": "2025-07-16T01:19:47.148305Z", "fetched_at": "2025-07-16T01:20:19.963784+00:00", "symbol": "DOGE-USD"}, {"trade_id": 139201731, "side": "sell", "size": "5.50000000", "price": "0.20088000", "time": "2025-07-16T01:19:46.712636Z", "fetched_at": "2025-07-16T01:20:19.963784+00:00", "symbol": "DOGE-USD"}, {"trade_id": 139201730, "side": "sell", "size": "5.50000000", "price": "0.20086000", "time": "2025-07-16T01:19:46.443644Z", "fetched_at": "2025-07-16T01:20:19.963784+00:00", "symbol": "DOGE-USD"}, {"trade_id": 139201729, "side": "sell", "size": "17.30000000", "price": "0.20084000", "time": "2025-07-16T01:19:46.352899Z", "fetched_at": "2025-07-16T01:20:19.963784+00:00", "symbol": "DOGE-USD"}, {"trade_id": 139201728, "side": "sell", "size": "5.50000000", "price": "0.20084000", "time": "2025-07-16T01:19:46.352899Z", "fetched_at": "2025-07-16T01:20:19.963784+00:00", "symbol": "DOGE-USD"}, {"trade_id": 139201727, "side": "sell", "size": "17.20000000", "price": "0.20083000", "time": "2025-07-16T01:19:46.326691Z", "fetched_at": "2025-07-16T01:20:19.963784+00:00", "symbol": "DOGE-USD"}, {"trade_id": 139201726, "side": "sell", "size": "17.20000000", "price": "0.20083000", "time": "2025-07-16T01:19:46.326691Z", "fetched_at": "2025-07-16T01:20:19.963784+00:00", "symbol": "DOGE-USD"}, {"trade_id": 139201725, "side": "sell", "size": "18.50000000", "price": "0.20081000", "time": "2025-07-16T01:19:43.422814Z", "fetched_at": "2025-07-16T01:20:19.963784+00:00", "symbol": "DOGE-USD"}, {"trade_id": 139201724, "side": "buy", "size": "1413.30000000", "price": "0.20082000", "time": "2025-07-16T01:19:42.420690Z", "fetched_at": "2025-07-16T01:20:19.963784+00:00", "symbol": "DOGE-USD"}, {"trade_id": 139201723, "side": "buy", "size": "21.10000000", "price": "0.20081000", "time": "2025-07-16T01:19:35.853890Z", "fetched_at": "2025-07-16T01:20:19.963784+00:00", "symbol": "DOGE-USD"}, {"trade_id": 139201722, "side": "sell", "size": "24.70000000", "price": "0.20082000", "time": "2025-07-16T01:19:35.597593Z", "fetched_at": "2025-07-16T01:20:19.963784+00:00", "symbol": "DOGE-USD"}, {"trade_id": 139201721, "side": "buy", "size": "203.10000000", "price": "0.20081000", "time": "2025-07-16T01:19:35.437542Z", "fetched_at": "2025-07-16T01:20:19.963784+00:00", "symbol": "DOGE-USD"}, {"trade_id": 139201720, "side": "buy", "size": "1683.10000000", "price": "0.20083000", "time": "2025-07-16T01:19:34.814190Z", "fetched_at": "2025-07-16T01:20:19.963784+00:00", "symbol": "DOGE-USD"}, {"trade_id": 139201719, "side": "buy", "size": "867.30000000", "price": "0.20083000", "time": "2025-07-16T01:19:34.814190Z", "fetched_at": "2025-07-16T01:20:19.963784+00:00", "symbol": "DOGE-USD"}, {"trade_id": 139201718, "side": "sell", "size": "5.50000000", "price": "0.20082000", "time": "2025-07-16T01:19:31.844500Z", "fetched_at": "2025-07-16T01:20:19.963784+00:00", "symbol": "DOGE-USD"}, {"trade_id": 139201717, "side": "sell", "size": "5.50000000", "price": "0.20080000", "time": "2025-07-16T01:19:31.811594Z", "fetched_at": "2025-07-16T01:20:19.963784+00:00", "symbol": "DOGE-USD"}, {"trade_id": 139201716, "side": "sell", "size": "56.80000000", "price": "0.20079000", "time": "2025-07-16T01:19:31.598432Z", "fetched_at": "2025-07-16T01:20:19.963784+00:00", "symbol": "DOGE-USD"}, {"trade_id": 139201715, "side": "sell", "size": "67.60000000", "price": "0.20079000", "time": "2025-07-16T01:19:31.598432Z", "fetched_at": "2025-07-16T01:20:19.963784+00:00", "symbol": "DOGE-USD"}, {"trade_id": 139201714, "side": "sell", "size": "17.20000000", "price": "0.20078000", "time": "2025-07-16T01:19:31.567333Z", "fetched_at": "2025-07-16T01:20:19.963784+00:00", "symbol": "DOGE-USD"}, {"trade_id": 139201713, "side": "sell", "size": "3618.20000000", "price": "0.20077000", "time": "2025-07-16T01:19:31.460326Z", "fetched_at": "2025-07-16T01:20:19.963784+00:00", "symbol": "DOGE-USD"}, {"trade_id": 139201712, "side": "sell", "size": "13450.10000000", "price": "0.20077000", "time": "2025-07-16T01:19:31.448596Z", "fetched_at": "2025-07-16T01:20:19.963784+00:00", "symbol": "DOGE-USD"}, {"trade_id": 139201711, "side": "sell", "size": "55.90000000", "price": "0.20076000", "time": "2025-07-16T01:19:31.448596Z", "fetched_at": "2025-07-16T01:20:19.963784+00:00", "symbol": "DOGE-USD"}, {"trade_id": 139201710, "side": "sell", "size": "12.40000000", "price": "0.20073000", "time": "2025-07-16T01:19:31.442203Z", "fetched_at": "2025-07-16T01:20:19.963784+00:00", "symbol": "DOGE-USD"}, {"trade_id": 139201709, "side": "sell", "size": "12.40000000", "price": "0.20073000", "time": "2025-07-16T01:19:31.442203Z", "fetched_at": "2025-07-16T01:20:19.963784+00:00", "symbol": "DOGE-USD"}, {"trade_id": 139201708, "side": "buy", "size": "55.90000000", "price": "0.20073000", "time": "2025-07-16T01:19:28.702761Z", "fetched_at": "2025-07-16T01:20:19.963784+00:00", "symbol": "DOGE-USD"}, {"trade_id": 139201707, "side": "buy", "size": "5.50000000", "price": "0.20074000", "time": "2025-07-16T01:19:28.698643Z", "fetched_at": "2025-07-16T01:20:19.963784+00:00", "symbol": "DOGE-USD"}, {"trade_id": 139201706, "side": "buy", "size": "4788.00000000", "price": "0.20075000", "time": "2025-07-16T01:19:28.656769Z", "fetched_at": "2025-07-16T01:20:19.963784+00:00", "symbol": "DOGE-USD"}, {"trade_id": 139201705, "side": "buy", "size": "55.90000000", "price": "0.20076000", "time": "2025-07-16T01:19:28.656769Z", "fetched_at": "2025-07-16T01:20:19.963784+00:00", "symbol": "DOGE-USD"}, {"trade_id": 139201704, "side": "buy", "size": "5.50000000", "price": "0.20076000", "time": "2025-07-16T01:19:28.656769Z", "fetched_at": "2025-07-16T01:20:19.963784+00:00", "symbol": "DOGE-USD"}, {"trade_id": 139201703, "side": "buy", "size": "1789.00000000", "price": "0.20077000", "time": "2025-07-16T01:19:28.618110Z", "fetched_at": "2025-07-16T01:20:19.963784+00:00", "symbol": "DOGE-USD"}, {"trade_id": 139201702, "side": "buy", "size": "38.40000000", "price": "0.20077000", "time": "2025-07-16T01:19:26.572857Z", "fetched_at": "2025-07-16T01:20:19.963784+00:00", "symbol": "DOGE-USD"}, {"trade_id": 139201701, "side": "buy", "size": "146.70000000", "price": "0.20077000", "time": "2025-07-16T01:19:25.864174Z", "fetched_at": "2025-07-16T01:20:19.963784+00:00", "symbol": "DOGE-USD"}, {"trade_id": 139201700, "side": "buy", "size": "55.90000000", "price": "0.20077000", "time": "2025-07-16T01:19:25.864174Z", "fetched_at": "2025-07-16T01:20:19.963784+00:00", "symbol": "DOGE-USD"}, {"trade_id": 139201699, "side": "buy", "size": "2296.10000000", "price": "0.20078000", "time": "2025-07-16T01:19:24.428621Z", "fetched_at": "2025-07-16T01:20:19.963784+00:00", "symbol": "DOGE-USD"}, {"trade_id": 139201698, "side": "buy", "size": "111.00000000", "price": "0.20078000", "time": "2025-07-16T01:19:23.454893Z", "fetched_at": "2025-07-16T01:20:19.963784+00:00", "symbol": "DOGE-USD"}, {"trade_id": 139201697, "side": "buy", "size": "55.90000000", "price": "0.20078000", "time": "2025-07-16T01:19:23.454893Z", "fetched_at": "2025-07-16T01:20:19.963784+00:00", "symbol": "DOGE-USD"}, {"trade_id": 139201696, "side": "buy", "size": "415.00000000", "price": "0.20077000", "time": "2025-07-16T01:19:20.473849Z", "fetched_at": "2025-07-16T01:20:19.963784+00:00", "symbol": "DOGE-USD"}, {"trade_id": 139201695, "side": "buy", "size": "5.50000000", "price": "0.20078000", "time": "2025-07-16T01:19:20.473849Z", "fetched_at": "2025-07-16T01:20:19.963784+00:00", "symbol": "DOGE-USD"}, {"trade_id": 139201694, "side": "buy", "size": "2454.60000000", "price": "0.20080000", "time": "2025-07-16T01:19:19.886119Z", "fetched_at": "2025-07-16T01:20:19.963784+00:00", "symbol": "DOGE-USD"}, {"trade_id": 139201693, "side": "buy", "size": "5.50000000", "price": "0.20080000", "time": "2025-07-16T01:19:19.886119Z", "fetched_at": "2025-07-16T01:20:19.963784+00:00", "symbol": "DOGE-USD"}, {"trade_id": 139201692, "side": "buy", "size": "13.00000000", "price": "0.20082000", "time": "2025-07-16T01:19:16.578572Z", "fetched_at": "2025-07-16T01:20:19.963784+00:00", "symbol": "DOGE-USD"}, {"trade_id": 139201691, "side": "sell", "size": "162.70000000", "price": "0.20082000", "time": "2025-07-16T01:19:13.434816Z", "fetched_at": "2025-07-16T01:20:19.963784+00:00", "symbol": "DOGE-USD"}, {"trade_id": 139201690, "side": "sell", "size": "1350.90000000", "price": "0.20081000", "time": "2025-07-16T01:19:13.434816Z", "fetched_at": "2025-07-16T01:20:19.963784+00:00", "symbol": "DOGE-USD"}, {"trade_id": 139201689, "side": "sell", "size": "687.50000000", "price": "0.20081000", "time": "2025-07-16T01:19:13.434816Z", "fetched_at": "2025-07-16T01:20:19.963784+00:00", "symbol": "DOGE-USD"}, {"trade_id": 139201688, "side": "sell", "size": "351.00000000", "price": "0.20081000", "time": "2025-07-16T01:19:13.434816Z", "fetched_at": "2025-07-16T01:20:19.963784+00:00", "symbol": "DOGE-USD"}, {"trade_id": 139201687, "side": "sell", "size": "336.50000000", "price": "0.20081000", "time": "2025-07-16T01:19:13.434816Z", "fetched_at": "2025-07-16T01:20:19.963784+00:00", "symbol": "DOGE-USD"}, {"trade_id": 139201686, "side": "buy", "size": "55.90000000", "price": "0.20082000", "time": "2025-07-16T01:19:13.346807Z", "fetched_at": "2025-07-16T01:20:19.963784+00:00", "symbol": "DOGE-USD"}, {"trade_id": 139201685, "side": "buy", "size": "18146.90000000", "price": "0.20082000", "time": "2025-07-16T01:19:13.346807Z", "fetched_at": "2025-07-16T01:20:19.963784+00:00", "symbol": "DOGE-USD"}, {"trade_id": 139201684, "side": "buy", "size": "0.70000000", "price": "0.20082000", "time": "2025-07-16T01:19:13.346807Z", "fetched_at": "2025-07-16T01:20:19.963784+00:00", "symbol": "DOGE-USD"}, {"trade_id": 139201683, "side": "buy", "size": "4.80000000", "price": "0.20084000", "time": "2025-07-16T01:19:13.335990Z", "fetched_at": "2025-07-16T01:20:19.963784+00:00", "symbol": "DOGE-USD"}, {"trade_id": 139201682, "side": "buy", "size": "5.50000000", "price": "0.20086000", "time": "2025-07-16T01:19:13.311647Z", "fetched_at": "2025-07-16T01:20:19.963784+00:00", "symbol": "DOGE-USD"}, {"trade_id": 139201681, "side": "buy", "size": "10000.00000000", "price": "0.20089000", "time": "2025-07-16T01:19:12.835832Z", "fetched_at": "2025-07-16T01:20:19.963784+00:00", "symbol": "DOGE-USD"}, {"trade_id": 139201680, "side": "buy", "size": "1356.40000000", "price": "0.20089000", "time": "2025-07-16T01:19:12.835832Z", "fetched_at": "2025-07-16T01:20:19.963784+00:00", "symbol": "DOGE-USD"}, {"trade_id": 139201679, "side": "sell", "size": "21.20000000", "price": "0.20092000", "time": "2025-07-16T01:19:09.926633Z", "fetched_at": "2025-07-16T01:20:19.963784+00:00", "symbol": "DOGE-USD"}, {"trade_id": 139201678, "side": "sell", "size": "5.50000000", "price": "0.20094000", "time": "2025-07-16T01:19:09.854141Z", "fetched_at": "2025-07-16T01:20:19.963784+00:00", "symbol": "DOGE-USD"}, {"trade_id": 139201677, "side": "sell", "size": "55.90000000", "price": "0.20089000", "time": "2025-07-16T01:19:09.853619Z", "fetched_at": "2025-07-16T01:20:19.963784+00:00", "symbol": "DOGE-USD"}, {"trade_id": 139201676, "side": "sell", "size": "4883.40000000", "price": "0.20092000", "time": "2025-07-16T01:19:09.829946Z", "fetched_at": "2025-07-16T01:20:19.963784+00:00", "symbol": "DOGE-USD"}, {"trade_id": 139201675, "side": "sell", "size": "1593.00000000", "price": "0.20092000", "time": "2025-07-16T01:19:09.829946Z", "fetched_at": "2025-07-16T01:20:19.963784+00:00", "symbol": "DOGE-USD"}, {"trade_id": 139201674, "side": "sell", "size": "5.50000000", "price": "0.20092000", "time": "2025-07-16T01:19:09.829946Z", "fetched_at": "2025-07-16T01:20:19.963784+00:00", "symbol": "DOGE-USD"}, {"trade_id": 139201673, "side": "sell", "size": "2422.50000000", "price": "0.20091000", "time": "2025-07-16T01:19:09.829946Z", "fetched_at": "2025-07-16T01:20:19.963784+00:00", "symbol": "DOGE-USD"}, {"trade_id": 139201672, "side": "sell", "size": "10781.50000000", "price": "0.20091000", "time": "2025-07-16T01:19:09.827329Z", "fetched_at": "2025-07-16T01:20:19.963784+00:00", "symbol": "DOGE-USD"}, {"trade_id": 139201671, "side": "sell", "size": "2260.30000000", "price": "0.20091000", "time": "2025-07-16T01:19:09.827329Z", "fetched_at": "2025-07-16T01:20:19.963784+00:00", "symbol": "DOGE-USD"}, {"trade_id": 139201670, "side": "sell", "size": "4545.60000000", "price": "0.20091000", "time": "2025-07-16T01:19:09.827139Z", "fetched_at": "2025-07-16T01:20:19.963784+00:00", "symbol": "DOGE-USD"}, {"trade_id": 139201669, "side": "sell", "size": "3845.20000000", "price": "0.20090000", "time": "2025-07-16T01:19:09.827139Z", "fetched_at": "2025-07-16T01:20:19.963784+00:00", "symbol": "DOGE-USD"}, {"trade_id": 139201668, "side": "sell", "size": "741.30000000", "price": "0.20090000", "time": "2025-07-16T01:19:09.827139Z", "fetched_at": "2025-07-16T01:20:19.963784+00:00", "symbol": "DOGE-USD"}, {"trade_id": 139201667, "side": "sell", "size": "3120.80000000", "price": "0.20090000", "time": "2025-07-16T01:19:09.822297Z", "fetched_at": "2025-07-16T01:20:19.963784+00:00", "symbol": "DOGE-USD"}, {"trade_id": 139201666, "side": "sell", "size": "17.30000000", "price": "0.20090000", "time": "2025-07-16T01:19:09.822297Z", "fetched_at": "2025-07-16T01:20:19.963784+00:00", "symbol": "DOGE-USD"}, {"trade_id": 139201665, "side": "sell", "size": "5.50000000", "price": "0.20090000", "time": "2025-07-16T01:19:09.822297Z", "fetched_at": "2025-07-16T01:20:19.963784+00:00", "symbol": "DOGE-USD"}, {"trade_id": 139201664, "side": "sell", "size": "1593.00000000", "price": "0.20089000", "time": "2025-07-16T01:19:09.822297Z", "fetched_at": "2025-07-16T01:20:19.963784+00:00", "symbol": "DOGE-USD"}, {"trade_id": 139201663, "side": "sell", "size": "1299.80000000", "price": "0.20089000", "time": "2025-07-16T01:19:09.822297Z", "fetched_at": "2025-07-16T01:20:19.963784+00:00", "symbol": "DOGE-USD"}, {"trade_id": 139201662, "side": "sell", "size": "130.10000000", "price": "0.20088000", "time": "2025-07-16T01:19:09.822297Z", "fetched_at": "2025-07-16T01:20:19.963784+00:00", "symbol": "DOGE-USD"}, {"trade_id": 139201661, "side": "sell", "size": "1792.40000000", "price": "0.20088000", "time": "2025-07-16T01:19:09.819834Z", "fetched_at": "2025-07-16T01:20:19.963784+00:00", "symbol": "DOGE-USD"}, {"trade_id": 139201660, "side": "sell", "size": "555.80000000", "price": "0.20087000", "time": "2025-07-16T01:19:09.818279Z", "fetched_at": "2025-07-16T01:20:19.963784+00:00", "symbol": "DOGE-USD"}, {"trade_id": 139201659, "side": "sell", "size": "55.80000000", "price": "0.20086000", "time": "2025-07-16T01:19:09.818279Z", "fetched_at": "2025-07-16T01:20:19.963784+00:00", "symbol": "DOGE-USD"}, {"trade_id": 139201658, "side": "buy", "size": "0.70000000", "price": "0.20084000", "time": "2025-07-16T01:19:08.591022Z", "fetched_at": "2025-07-16T01:20:19.963784+00:00", "symbol": "DOGE-USD"}, {"trade_id": 139201657, "side": "sell", "size": "244.40000000", "price": "0.20085000", "time": "2025-07-16T01:19:08.413325Z", "fetched_at": "2025-07-16T01:20:19.963784+00:00", "symbol": "DOGE-USD"}, {"trade_id": 139201656, "side": "sell", "size": "899.90000000", "price": "0.20085000", "time": "2025-07-16T01:19:08.413325Z", "fetched_at": "2025-07-16T01:20:19.963784+00:00", "symbol": "DOGE-USD"}, {"trade_id": 139201655, "side": "buy", "size": "2987.20000000", "price": "0.20087000", "time": "2025-07-16T01:19:07.939069Z", "fetched_at": "2025-07-16T01:20:19.963784+00:00", "symbol": "DOGE-USD"}, {"trade_id": 139201654, "side": "buy", "size": "3323.80000000", "price": "0.20089000", "time": "2025-07-16T01:19:06.713353Z", "fetched_at": "2025-07-16T01:20:19.963784+00:00", "symbol": "DOGE-USD"}, {"trade_id": 139201653, "side": "buy", "size": "1380.20000000", "price": "0.20089000", "time": "2025-07-16T01:19:06.713353Z", "fetched_at": "2025-07-16T01:20:19.963784+00:00", "symbol": "DOGE-USD"}, {"trade_id": 139201652, "side": "sell", "size": "23.10000000", "price": "0.20088000", "time": "2025-07-16T01:19:03.687996Z", "fetched_at": "2025-07-16T01:20:19.963784+00:00", "symbol": "DOGE-USD"}, {"trade_id": 139201651, "side": "sell", "size": "5.50000000", "price": "0.20088000", "time": "2025-07-16T01:19:03.687996Z", "fetched_at": "2025-07-16T01:20:19.963784+00:00", "symbol": "DOGE-USD"}, {"trade_id": 139201650, "side": "sell", "size": "17.30000000", "price": "0.20085000", "time": "2025-07-16T01:18:58.666460Z", "fetched_at": "2025-07-16T01:20:19.963784+00:00", "symbol": "DOGE-USD"}, {"trade_id": 139201649, "side": "sell", "size": "17.20000000", "price": "0.20085000", "time": "2025-07-16T01:18:58.666460Z", "fetched_at": "2025-07-16T01:20:19.963784+00:00", "symbol": "DOGE-USD"}, {"trade_id": 139201648, "side": "buy", "size": "35.20000000", "price": "0.20084000", "time": "2025-07-16T01:18:52.507104Z", "fetched_at": "2025-07-16T01:20:19.963784+00:00", "symbol": "DOGE-USD"}, {"trade_id": 139201647, "side": "buy", "size": "4.80000000", "price": "0.20082000", "time": "2025-07-16T01:18:49.313294Z", "fetched_at": "2025-07-16T01:20:19.963784+00:00", "symbol": "DOGE-USD"}, {"trade_id": 139201646, "side": "sell", "size": "29.90000000", "price": "0.20085000", "time": "2025-07-16T01:18:47.653788Z", "fetched_at": "2025-07-16T01:20:19.963784+00:00", "symbol": "DOGE-USD"}, {"trade_id": 139201645, "side": "sell", "size": "17.30000000", "price": "0.20085000", "time": "2025-07-16T01:18:47.653788Z", "fetched_at": "2025-07-16T01:20:19.963784+00:00", "symbol": "DOGE-USD"}, {"trade_id": 139201644, "side": "buy", "size": "78.20000000", "price": "0.20084000", "time": "2025-07-16T01:18:46.945460Z", "fetched_at": "2025-07-16T01:20:19.963784+00:00", "symbol": "DOGE-USD"}, {"trade_id": 139201643, "side": "buy", "size": "2446.30000000", "price": "0.20084000", "time": "2025-07-16T01:18:42.377950Z", "fetched_at": "2025-07-16T01:20:19.963784+00:00", "symbol": "DOGE-USD"}, {"trade_id": 139201642, "side": "buy", "size": "5.50000000", "price": "0.20084000", "time": "2025-07-16T01:18:42.377950Z", "fetched_at": "2025-07-16T01:20:19.963784+00:00", "symbol": "DOGE-USD"}, {"trade_id": 139201641, "side": "sell", "size": "200.00000000", "price": "0.20090000", "time": "2025-07-16T01:18:39.058929Z", "fetched_at": "2025-07-16T01:20:19.963784+00:00", "symbol": "DOGE-USD"}, {"trade_id": 139201640, "side": "sell", "size": "26.50000000", "price": "0.20091000", "time": "2025-07-16T01:18:38.938037Z", "fetched_at": "2025-07-16T01:20:19.963784+00:00", "symbol": "DOGE-USD"}, {"trade_id": 139201639, "side": "sell", "size": "5.50000000", "price": "0.20090000", "time": "2025-07-16T01:18:38.938037Z", "fetched_at": "2025-07-16T01:20:19.963784+00:00", "symbol": "DOGE-USD"}, {"trade_id": 139201638, "side": "sell", "size": "17.30000000", "price": "0.20089000", "time": "2025-07-16T01:18:38.938037Z", "fetched_at": "2025-07-16T01:20:19.963784+00:00", "symbol": "DOGE-USD"}, {"trade_id": 139201637, "side": "sell", "size": "21.60000000", "price": "0.20088000", "time": "2025-07-16T01:18:35.388512Z", "fetched_at": "2025-07-16T01:20:19.963784+00:00", "symbol": "DOGE-USD"}, {"trade_id": 139201636, "side": "sell", "size": "6.80000000", "price": "0.20088000", "time": "2025-07-16T01:18:35.388512Z", "fetched_at": "2025-07-16T01:20:19.963784+00:00", "symbol": "DOGE-USD"}, {"trade_id": 139201635, "side": "sell", "size": "5.50000000", "price": "0.20088000", "time": "2025-07-16T01:18:35.388512Z", "fetched_at": "2025-07-16T01:20:19.963784+00:00", "symbol": "DOGE-USD"}, {"trade_id": 139201634, "side": "sell", "size": "17.20000000", "price": "0.20087000", "time": "2025-07-16T01:18:35.388512Z", "fetched_at": "2025-07-16T01:20:19.963784+00:00", "symbol": "DOGE-USD"}, {"trade_id": 139201633, "side": "sell", "size": "5.50000000", "price": "0.20086000", "time": "2025-07-16T01:18:30.656939Z", "fetched_at": "2025-07-16T01:20:19.963784+00:00", "symbol": "DOGE-USD"}, {"trade_id": 139201632, "side": "sell", "size": "5.50000000", "price": "0.20084000", "time": "2025-07-16T01:18:29.648153Z", "fetched_at": "2025-07-16T01:20:19.963784+00:00", "symbol": "DOGE-USD"}, {"trade_id": 139201631, "side": "sell", "size": "18.10000000", "price": "0.20084000", "time": "2025-07-16T01:18:29.648153Z", "fetched_at": "2025-07-16T01:20:19.963784+00:00", "symbol": "DOGE-USD"}, {"trade_id": 139201630, "side": "sell", "size": "186.50000000", "price": "0.20083000", "time": "2025-07-16T01:18:26.592147Z", "fetched_at": "2025-07-16T01:20:19.963784+00:00", "symbol": "DOGE-USD"}, {"trade_id": 139201629, "side": "sell", "size": "55.90000000", "price": "0.20082000", "time": "2025-07-16T01:18:26.592147Z", "fetched_at": "2025-07-16T01:20:19.963784+00:00", "symbol": "DOGE-USD"}, {"trade_id": 139201628, "side": "sell", "size": "5.50000000", "price": "0.20082000", "time": "2025-07-16T01:18:26.592147Z", "fetched_at": "2025-07-16T01:20:19.963784+00:00", "symbol": "DOGE-USD"}, {"trade_id": 139201627, "side": "buy", "size": "5.50000000", "price": "0.20078000", "time": "2025-07-16T01:18:23.795991Z", "fetched_at": "2025-07-16T01:20:19.963784+00:00", "symbol": "DOGE-USD"}, {"trade_id": 139201626, "side": "buy", "size": "1740.80000000", "price": "0.20080000", "time": "2025-07-16T01:18:23.673948Z", "fetched_at": "2025-07-16T01:20:19.963784+00:00", "symbol": "DOGE-USD"}, {"trade_id": 139201625, "side": "buy", "size": "440.20000000", "price": "0.20080000", "time": "2025-07-16T01:18:23.673948Z", "fetched_at": "2025-07-16T01:20:19.963784+00:00", "symbol": "DOGE-USD"}, {"trade_id": 139201624, "side": "sell", "size": "55.90000000", "price": "0.20080000", "time": "2025-07-16T01:18:23.127447Z", "fetched_at": "2025-07-16T01:20:19.963784+00:00", "symbol": "DOGE-USD"}, {"trade_id": 139201623, "side": "buy", "size": "1924.70000000", "price": "0.20083000", "time": "2025-07-16T01:18:20.840784Z", "fetched_at": "2025-07-16T01:20:19.963784+00:00", "symbol": "DOGE-USD"}, {"trade_id": 139201622, "side": "buy", "size": "210.90000000", "price": "0.20084000", "time": "2025-07-16T01:18:19.844408Z", "fetched_at": "2025-07-16T01:20:19.963784+00:00", "symbol": "DOGE-USD"}, {"trade_id": 139201621, "side": "buy", "size": "38.10000000", "price": "0.20085000", "time": "2025-07-16T01:18:19.844408Z", "fetched_at": "2025-07-16T01:20:19.963784+00:00", "symbol": "DOGE-USD"}, {"trade_id": 139201620, "side": "sell", "size": "5.50000000", "price": "0.20086000", "time": "2025-07-16T01:18:19.496459Z", "fetched_at": "2025-07-16T01:20:19.963784+00:00", "symbol": "DOGE-USD"}, {"trade_id": 139201619, "side": "sell", "size": "5.50000000", "price": "0.20084000", "time": "2025-07-16T01:18:19.485819Z", "fetched_at": "2025-07-16T01:20:19.963784+00:00", "symbol": "DOGE-USD"}, {"trade_id": 139201618, "side": "sell", "size": "5.50000000", "price": "0.20082000", "time": "2025-07-16T01:18:19.117175Z", "fetched_at": "2025-07-16T01:20:19.963784+00:00", "symbol": "DOGE-USD"}, {"trade_id": 139201617, "side": "sell", "size": "12.00000000", "price": "0.20081000", "time": "2025-07-16T01:18:19.110913Z", "fetched_at": "2025-07-16T01:20:19.963784+00:00", "symbol": "DOGE-USD"}, {"trade_id": 139201616, "side": "sell", "size": "19.20000000", "price": "0.20081000", "time": "2025-07-16T01:18:16.654033Z", "fetched_at": "2025-07-16T01:20:19.963784+00:00", "symbol": "DOGE-USD"}, {"trade_id": 139201615, "side": "sell", "size": "5.50000000", "price": "0.20080000", "time": "2025-07-16T01:18:16.654033Z", "fetched_at": "2025-07-16T01:20:19.963784+00:00", "symbol": "DOGE-USD"}, {"trade_id": 139201614, "side": "sell", "size": "5.50000000", "price": "0.20078000", "time": "2025-07-16T01:18:16.535480Z", "fetched_at": "2025-07-16T01:20:19.963784+00:00", "symbol": "DOGE-USD"}, {"trade_id": 139201613, "side": "sell", "size": "17.30000000", "price": "0.20076000", "time": "2025-07-16T01:18:16.329487Z", "fetched_at": "2025-07-16T01:20:19.963784+00:00", "symbol": "DOGE-USD"}, {"trade_id": 139201612, "side": "sell", "size": "5.50000000", "price": "0.20076000", "time": "2025-07-16T01:18:16.329487Z", "fetched_at": "2025-07-16T01:20:19.963784+00:00", "symbol": "DOGE-USD"}, {"trade_id": 139201611, "side": "sell", "size": "5.50000000", "price": "0.20074000", "time": "2025-07-16T01:18:12.348768Z", "fetched_at": "2025-07-16T01:20:19.963784+00:00", "symbol": "DOGE-USD"}, {"trade_id": 139201610, "side": "sell", "size": "9.60000000", "price": "0.20072000", "time": "2025-07-16T01:18:11.382371Z", "fetched_at": "2025-07-16T01:20:19.963784+00:00", "symbol": "DOGE-USD"}, {"trade_id": 139201609, "side": "sell", "size": "5.50000000", "price": "0.20072000", "time": "2025-07-16T01:18:11.382371Z", "fetched_at": "2025-07-16T01:20:19.963784+00:00", "symbol": "DOGE-USD"}, {"trade_id": 139201608, "side": "sell", "size": "5.50000000", "price": "0.20070000", "time": "2025-07-16T01:18:11.334903Z", "fetched_at": "2025-07-16T01:20:19.963784+00:00", "symbol": "DOGE-USD"}, {"trade_id": 139201607, "side": "sell", "size": "5.50000000", "price": "0.20068000", "time": "2025-07-16T01:18:09.738796Z", "fetched_at": "2025-07-16T01:20:19.963784+00:00", "symbol": "DOGE-USD"}, {"trade_id": 139201606, "side": "buy", "size": "2.00000000", "price": "0.20066000", "time": "2025-07-16T01:18:08.842852Z", "fetched_at": "2025-07-16T01:20:19.963784+00:00", "symbol": "DOGE-USD"}, {"trade_id": 139201605, "side": "buy", "size": "503.50000000", "price": "0.20063000", "time": "2025-07-16T01:18:06.242490Z", "fetched_at": "2025-07-16T01:20:19.963784+00:00", "symbol": "DOGE-USD"}, {"trade_id": 139201604, "side": "sell", "size": "23.60000000", "price": "0.20061000", "time": "2025-07-16T01:18:03.418210Z", "fetched_at": "2025-07-16T01:20:19.963784+00:00", "symbol": "DOGE-USD"}, {"trade_id": 139201603, "side": "buy", "size": "5.50000000", "price": "0.20062000", "time": "2025-07-16T01:18:03.092281Z", "fetched_at": "2025-07-16T01:20:19.963784+00:00", "symbol": "DOGE-USD"}, {"trade_id": 139201602, "side": "buy", "size": "1184.60000000", "price": "0.20063000", "time": "2025-07-16T01:18:03.088601Z", "fetched_at": "2025-07-16T01:20:19.963784+00:00", "symbol": "DOGE-USD"}, {"trade_id": 139201601, "side": "sell", "size": "5.50000000", "price": "0.20070000", "time": "2025-07-16T01:18:00.856475Z", "fetched_at": "2025-07-16T01:20:19.963784+00:00", "symbol": "DOGE-USD"}, {"trade_id": 139201600, "side": "sell", "size": "5.50000000", "price": "0.20068000", "time": "2025-07-16T01:18:00.781550Z", "fetched_at": "2025-07-16T01:20:19.963784+00:00", "symbol": "DOGE-USD"}, {"trade_id": 139201599, "side": "sell", "size": "55.90000000", "price": "0.20066000", "time": "2025-07-16T01:18:00.748990Z", "fetched_at": "2025-07-16T01:20:19.963784+00:00", "symbol": "DOGE-USD"}, {"trade_id": 139201598, "side": "sell", "size": "5.50000000", "price": "0.20066000", "time": "2025-07-16T01:18:00.748990Z", "fetched_at": "2025-07-16T01:20:19.963784+00:00", "symbol": "DOGE-USD"}, {"trade_id": 139201597, "side": "sell", "size": "76.60000000", "price": "0.20065000", "time": "2025-07-16T01:18:00.748990Z", "fetched_at": "2025-07-16T01:20:19.963784+00:00", "symbol": "DOGE-USD"}, {"trade_id": 139201596, "side": "sell", "size": "9572.20000000", "price": "0.20061000", "time": "2025-07-16T01:18:00.384284Z", "fetched_at": "2025-07-16T01:20:19.963784+00:00", "symbol": "DOGE-USD"}, {"trade_id": 139201595, "side": "sell", "size": "7063.60000000", "price": "0.20061000", "time": "2025-07-16T01:18:00.383748Z", "fetched_at": "2025-07-16T01:20:19.963784+00:00", "symbol": "DOGE-USD"}, {"trade_id": 139201594, "side": "sell", "size": "3240.30000000", "price": "0.20061000", "time": "2025-07-16T01:18:00.383748Z", "fetched_at": "2025-07-16T01:20:19.963784+00:00", "symbol": "DOGE-USD"}, {"trade_id": 139201593, "side": "sell", "size": "14775.20000000", "price": "0.20061000", "time": "2025-07-16T01:18:00.383396Z", "fetched_at": "2025-07-16T01:20:19.963784+00:00", "symbol": "DOGE-USD"}, {"trade_id": 139201592, "side": "sell", "size": "387.20000000", "price": "0.20061000", "time": "2025-07-16T01:18:00.383396Z", "fetched_at": "2025-07-16T01:20:19.963784+00:00", "symbol": "DOGE-USD"}, {"trade_id": 139201591, "side": "sell", "size": "992.50000000", "price": "0.20061000", "time": "2025-07-16T01:18:00.383396Z", "fetched_at": "2025-07-16T01:20:19.963784+00:00", "symbol": "DOGE-USD"}, {"trade_id": 139201590, "side": "buy", "size": "1017.80000000", "price": "0.20062000", "time": "2025-07-16T01:17:56.650059Z", "fetched_at": "2025-07-16T01:20:19.963784+00:00", "symbol": "DOGE-USD"}, {"trade_id": 139201589, "side": "buy", "size": "1120.90000000", "price": "0.20064000", "time": "2025-07-16T01:17:55.579732Z", "fetched_at": "2025-07-16T01:20:19.963784+00:00", "symbol": "DOGE-USD"}, {"trade_id": 139201588, "side": "sell", "size": "19.70000000", "price": "0.20061000", "time": "2025-07-16T01:17:53.144053Z", "fetched_at": "2025-07-16T01:20:19.963784+00:00", "symbol": "DOGE-USD"}, {"trade_id": 139201587, "side": "buy", "size": "1147.60000000", "price": "0.20060000", "time": "2025-07-16T01:17:52.397837Z", "fetched_at": "2025-07-16T01:20:19.963784+00:00", "symbol": "DOGE-USD"}, {"trade_id": 139201586, "side": "buy", "size": "5.50000000", "price": "0.20060000", "time": "2025-07-16T01:17:52.397837Z", "fetched_at": "2025-07-16T01:20:19.963784+00:00", "symbol": "DOGE-USD"}, {"trade_id": 139201585, "side": "buy", "size": "5.50000000", "price": "0.20062000", "time": "2025-07-16T01:17:51.684300Z", "fetched_at": "2025-07-16T01:20:19.963784+00:00", "symbol": "DOGE-USD"}, {"trade_id": 139201584, "side": "buy", "size": "5.50000000", "price": "0.20064000", "time": "2025-07-16T01:17:51.645695Z", "fetched_at": "2025-07-16T01:20:19.963784+00:00", "symbol": "DOGE-USD"}, {"trade_id": 139201583, "side": "buy", "size": "1318.40000000", "price": "0.20066000", "time": "2025-07-16T01:17:51.554749Z", "fetched_at": "2025-07-16T01:20:19.963784+00:00", "symbol": "DOGE-USD"}, {"trade_id": 139201582, "side": "buy", "size": "5.50000000", "price": "0.20066000", "time": "2025-07-16T01:17:51.554749Z", "fetched_at": "2025-07-16T01:20:19.963784+00:00", "symbol": "DOGE-USD"}, {"trade_id": 139201581, "side": "sell", "size": "236.20000000", "price": "0.20067000", "time": "2025-07-16T01:17:51.007859Z", "fetched_at": "2025-07-16T01:20:19.963784+00:00", "symbol": "DOGE-USD"}, {"trade_id": 139201580, "side": "sell", "size": "9.90000000", "price": "0.20067000", "time": "2025-07-16T01:17:50.821401Z", "fetched_at": "2025-07-16T01:20:19.963784+00:00", "symbol": "DOGE-USD"}, {"trade_id": 139201579, "side": "sell", "size": "96.80000000", "price": "0.20067000", "time": "2025-07-16T01:17:50.706059Z", "fetched_at": "2025-07-16T01:20:19.963784+00:00", "symbol": "DOGE-USD"}, {"trade_id": 139201578, "side": "buy", "size": "55.90000000", "price": "0.20068000", "time": "2025-07-16T01:17:50.526686Z", "fetched_at": "2025-07-16T01:20:19.963784+00:00", "symbol": "DOGE-USD"}, {"trade_id": 139201577, "side": "buy", "size": "1463.20000000", "price": "0.20068000", "time": "2025-07-16T01:17:50.526686Z", "fetched_at": "2025-07-16T01:20:19.963784+00:00", "symbol": "DOGE-USD"}, {"trade_id": 139201576, "side": "buy", "size": "5.50000000", "price": "0.20068000", "time": "2025-07-16T01:17:50.526686Z", "fetched_at": "2025-07-16T01:20:19.963784+00:00", "symbol": "DOGE-USD"}, {"trade_id": 139201575, "side": "sell", "size": "47.20000000", "price": "0.20069000", "time": "2025-07-16T01:17:49.237864Z", "fetched_at": "2025-07-16T01:20:19.963784+00:00", "symbol": "DOGE-USD"}, {"trade_id": 139201574, "side": "buy", "size": "1653.80000000", "price": "0.20070000", "time": "2025-07-16T01:17:48.580525Z", "fetched_at": "2025-07-16T01:20:19.963784+00:00", "symbol": "DOGE-USD"}, {"trade_id": 139201573, "side": "buy", "size": "5.50000000", "price": "0.20070000", "time": "2025-07-16T01:17:48.580525Z", "fetched_at": "2025-07-16T01:20:19.963784+00:00", "symbol": "DOGE-USD"}, {"trade_id": 139201572, "side": "buy", "size": "1805.80000000", "price": "0.20072000", "time": "2025-07-16T01:17:46.842202Z", "fetched_at": "2025-07-16T01:20:19.963784+00:00", "symbol": "DOGE-USD"}, {"trade_id": 139201571, "side": "buy", "size": "5.50000000", "price": "0.20072000", "time": "2025-07-16T01:17:46.842202Z", "fetched_at": "2025-07-16T01:20:19.963784+00:00", "symbol": "DOGE-USD"}, {"trade_id": 139201570, "side": "sell", "size": "589.90000000", "price": "0.20073000", "time": "2025-07-16T01:17:45.185587Z", "fetched_at": "2025-07-16T01:20:19.963784+00:00", "symbol": "DOGE-USD"}, {"trade_id": 139201569, "side": "buy", "size": "1998.80000000", "price": "0.20074000", "time": "2025-07-16T01:17:43.508909Z", "fetched_at": "2025-07-16T01:20:19.963784+00:00", "symbol": "DOGE-USD"}, {"trade_id": 139201568, "side": "buy", "size": "5.50000000", "price": "0.20074000", "time": "2025-07-16T01:17:43.508909Z", "fetched_at": "2025-07-16T01:20:19.963784+00:00", "symbol": "DOGE-USD"}, {"trade_id": 139201567, "side": "sell", "size": "49.30000000", "price": "0.20075000", "time": "2025-07-16T01:17:42.885828Z", "fetched_at": "2025-07-16T01:20:19.963784+00:00", "symbol": "DOGE-USD"}, {"trade_id": 139201566, "side": "buy", "size": "2353.50000000", "price": "0.20076000", "time": "2025-07-16T01:17:40.754131Z", "fetched_at": "2025-07-16T01:20:19.963784+00:00", "symbol": "DOGE-USD"}, {"trade_id": 139201565, "side": "buy", "size": "5.50000000", "price": "0.20076000", "time": "2025-07-16T01:17:40.754131Z", "fetched_at": "2025-07-16T01:20:19.963784+00:00", "symbol": "DOGE-USD"}, {"trade_id": 139201564, "side": "sell", "size": "14.40000000", "price": "0.20077000", "time": "2025-07-16T01:17:39.444069Z", "fetched_at": "2025-07-16T01:20:19.963784+00:00", "symbol": "DOGE-USD"}, {"trade_id": 139201563, "side": "buy", "size": "5.50000000", "price": "0.20078000", "time": "2025-07-16T01:17:38.619304Z", "fetched_at": "2025-07-16T01:20:19.963784+00:00", "symbol": "DOGE-USD"}, {"trade_id": 139201562, "side": "buy", "size": "2832.50000000", "price": "0.20080000", "time": "2025-07-16T01:17:38.158747Z", "fetched_at": "2025-07-16T01:20:19.963784+00:00", "symbol": "DOGE-USD"}, {"trade_id": 139201561, "side": "buy", "size": "5.50000000", "price": "0.20080000", "time": "2025-07-16T01:17:38.158747Z", "fetched_at": "2025-07-16T01:20:19.963784+00:00", "symbol": "DOGE-USD"}, {"trade_id": 139201560, "side": "buy", "size": "5.50000000", "price": "0.20082000", "time": "2025-07-16T01:17:37.747492Z", "fetched_at": "2025-07-16T01:20:19.963784+00:00", "symbol": "DOGE-USD"}, {"trade_id": 139201559, "side": "buy", "size": "5.50000000", "price": "0.20084000", "time": "2025-07-16T01:17:37.574976Z", "fetched_at": "2025-07-16T01:20:19.963784+00:00", "symbol": "DOGE-USD"}, {"trade_id": 139201558, "side": "buy", "size": "3314.70000000", "price": "0.20086000", "time": "2025-07-16T01:17:37.078559Z", "fetched_at": "2025-07-16T01:20:19.963784+00:00", "symbol": "DOGE-USD"}, {"trade_id": 139201557, "side": "buy", "size": "5.50000000", "price": "0.20086000", "time": "2025-07-16T01:17:37.078559Z", "fetched_at": "2025-07-16T01:20:19.963784+00:00", "symbol": "DOGE-USD"}, {"trade_id": 139201556, "side": "sell", "size": "132.40000000", "price": "0.20087000", "time": "2025-07-16T01:17:36.505822Z", "fetched_at": "2025-07-16T01:20:19.963784+00:00", "symbol": "DOGE-USD"}, {"trade_id": 139201555, "side": "buy", "size": "4294.40000000", "price": "0.20087000", "time": "2025-07-16T01:17:36.260416Z", "fetched_at": "2025-07-16T01:20:19.963784+00:00", "symbol": "DOGE-USD"}, {"trade_id": 139201554, "side": "buy", "size": "3282.40000000", "price": "0.20088000", "time": "2025-07-16T01:17:36.168545Z", "fetched_at": "2025-07-16T01:20:19.963784+00:00", "symbol": "DOGE-USD"}, {"trade_id": 139201553, "side": "buy", "size": "44.80000000", "price": "0.20088000", "time": "2025-07-16T01:17:31.980051Z", "fetched_at": "2025-07-16T01:20:19.963784+00:00", "symbol": "DOGE-USD"}, {"trade_id": 139201552, "side": "buy", "size": "5.50000000", "price": "0.20088000", "time": "2025-07-16T01:17:31.980051Z", "fetched_at": "2025-07-16T01:20:19.963784+00:00", "symbol": "DOGE-USD"}, {"trade_id": 139201551, "side": "sell", "size": "266.40000000", "price": "0.20090000", "time": "2025-07-16T01:17:27.639743Z", "fetched_at": "2025-07-16T01:20:19.963784+00:00", "symbol": "DOGE-USD"}, {"trade_id": 139201550, "side": "buy", "size": "5.50000000", "price": "0.20088000", "time": "2025-07-16T01:17:25.071680Z", "fetched_at": "2025-07-16T01:20:19.963784+00:00", "symbol": "DOGE-USD"}, {"trade_id": 139201549, "side": "buy", "size": "5.50000000", "price": "0.20090000", "time": "2025-07-16T01:17:25.022752Z", "fetched_at": "2025-07-16T01:20:19.963784+00:00", "symbol": "DOGE-USD"}, {"trade_id": 139201548, "side": "buy", "size": "3354.60000000", "price": "0.20092000", "time": "2025-07-16T01:17:24.969384Z", "fetched_at": "2025-07-16T01:20:19.963784+00:00", "symbol": "DOGE-USD"}, {"trade_id": 139201547, "side": "sell", "size": "1238.90000000", "price": "0.20098000", "time": "2025-07-16T01:17:23.009443Z", "fetched_at": "2025-07-16T01:20:19.963784+00:00", "symbol": "DOGE-USD"}, {"trade_id": 139201546, "side": "sell", "size": "532.60000000", "price": "0.20095000", "time": "2025-07-16T01:17:22.939726Z", "fetched_at": "2025-07-16T01:20:19.963784+00:00", "symbol": "DOGE-USD"}, {"trade_id": 139201545, "side": "sell", "size": "532.60000000", "price": "0.20095000", "time": "2025-07-16T01:17:22.939726Z", "fetched_at": "2025-07-16T01:20:19.963784+00:00", "symbol": "DOGE-USD"}, {"trade_id": 139201544, "side": "sell", "size": "7.20000000", "price": "0.20093000", "time": "2025-07-16T01:17:22.747488Z", "fetched_at": "2025-07-16T01:20:19.963784+00:00", "symbol": "DOGE-USD"}, {"trade_id": 139201543, "side": "sell", "size": "14.50000000", "price": "0.20089000", "time": "2025-07-16T01:17:19.734613Z", "fetched_at": "2025-07-16T01:20:19.963784+00:00", "symbol": "DOGE-USD"}, {"trade_id": 139201542, "side": "sell", "size": "336.50000000", "price": "0.20089000", "time": "2025-07-16T01:17:18.757191Z", "fetched_at": "2025-07-16T01:20:19.963784+00:00", "symbol": "DOGE-USD"}, {"trade_id": 139201541, "side": "buy", "size": "18010.10000000", "price": "0.20092000", "time": "2025-07-16T01:17:18.746594Z", "fetched_at": "2025-07-16T01:20:19.963784+00:00", "symbol": "DOGE-USD"}, {"trade_id": 139201540, "side": "buy", "size": "55.80000000", "price": "0.20093000", "time": "2025-07-16T01:17:18.745876Z", "fetched_at": "2025-07-16T01:20:19.963784+00:00", "symbol": "DOGE-USD"}, {"trade_id": 139201539, "side": "buy", "size": "10000.00000000", "price": "0.20093000", "time": "2025-07-16T01:17:18.745876Z", "fetched_at": "2025-07-16T01:20:19.963784+00:00", "symbol": "DOGE-USD"}, {"trade_id": 139201538, "side": "buy", "size": "2000.00000000", "price": "0.20094000", "time": "2025-07-16T01:17:18.745665Z", "fetched_at": "2025-07-16T01:20:19.963784+00:00", "symbol": "DOGE-USD"}, {"trade_id": 139201537, "side": "buy", "size": "1959.20000000", "price": "0.20095000", "time": "2025-07-16T01:17:18.438399Z", "fetched_at": "2025-07-16T01:20:19.963784+00:00", "symbol": "DOGE-USD"}, {"trade_id": 139201536, "side": "buy", "size": "18001.00000000", "price": "0.20095000", "time": "2025-07-16T01:17:18.438399Z", "fetched_at": "2025-07-16T01:20:19.963784+00:00", "symbol": "DOGE-USD"}, {"trade_id": 139201535, "side": "buy", "size": "799.00000000", "price": "0.20095000", "time": "2025-07-16T01:17:18.438399Z", "fetched_at": "2025-07-16T01:20:19.963784+00:00", "symbol": "DOGE-USD"}, {"trade_id": 139201534, "side": "buy", "size": "55.80000000", "price": "0.20097000", "time": "2025-07-16T01:17:18.438399Z", "fetched_at": "2025-07-16T01:20:19.963784+00:00", "symbol": "DOGE-USD"}, {"trade_id": 139201533, "side": "buy", "size": "1341.90000000", "price": "0.20096000", "time": "2025-07-16T01:17:18.433667Z", "fetched_at": "2025-07-16T01:20:19.963784+00:00", "symbol": "DOGE-USD"}, {"trade_id": 139201532, "side": "buy", "size": "10230.40000000", "price": "0.20096000", "time": "2025-07-16T01:17:18.433667Z", "fetched_at": "2025-07-16T01:20:19.963784+00:00", "symbol": "DOGE-USD"}, {"trade_id": 139201531, "side": "buy", "size": "4561.60000000", "price": "0.20096000", "time": "2025-07-16T01:17:18.433667Z", "fetched_at": "2025-07-16T01:20:19.963784+00:00", "symbol": "DOGE-USD"}, {"trade_id": 139201530, "side": "buy", "size": "55.80000000", "price": "0.20097000", "time": "2025-07-16T01:17:18.433667Z", "fetched_at": "2025-07-16T01:20:19.963784+00:00", "symbol": "DOGE-USD"}, {"trade_id": 139201529, "side": "buy", "size": "55.80000000", "price": "0.20100000", "time": "2025-07-16T01:17:18.303182Z", "fetched_at": "2025-07-16T01:20:19.963784+00:00", "symbol": "DOGE-USD"}, {"trade_id": 139201528, "side": "buy", "size": "55.80000000", "price": "0.20100000", "time": "2025-07-16T01:17:18.282707Z", "fetched_at": "2025-07-16T01:20:19.963784+00:00", "symbol": "DOGE-USD"}, {"trade_id": 139201527, "side": "buy", "size": "305.00000000", "price": "0.20100000", "time": "2025-07-16T01:17:18.108391Z", "fetched_at": "2025-07-16T01:20:19.963784+00:00", "symbol": "DOGE-USD"}, {"trade_id": 139201526, "side": "sell", "size": "867.50000000", "price": "0.20100000", "time": "2025-07-16T01:17:18.012783Z", "fetched_at": "2025-07-16T01:20:19.963784+00:00", "symbol": "DOGE-USD"}, {"trade_id": 139201525, "side": "sell", "size": "4778.50000000", "price": "0.20100000", "time": "2025-07-16T01:17:18.012783Z", "fetched_at": "2025-07-16T01:20:19.963784+00:00", "symbol": "DOGE-USD"}, {"trade_id": 139201524, "side": "sell", "size": "13226.80000000", "price": "0.20100000", "time": "2025-07-16T01:17:18.012444Z", "fetched_at": "2025-07-16T01:20:19.963784+00:00", "symbol": "DOGE-USD"}, {"trade_id": 139201523, "side": "sell", "size": "5.50000000", "price": "0.20100000", "time": "2025-07-16T01:17:18.012444Z", "fetched_at": "2025-07-16T01:20:19.963784+00:00", "symbol": "DOGE-USD"}, {"trade_id": 139201522, "side": "sell", "size": "502.40000000", "price": "0.20100000", "time": "2025-07-16T01:17:18.012444Z", "fetched_at": "2025-07-16T01:20:19.963784+00:00", "symbol": "DOGE-USD"}, {"trade_id": 139201521, "side": "sell", "size": "893.10000000", "price": "0.20099000", "time": "2025-07-16T01:17:18.005957Z", "fetched_at": "2025-07-16T01:20:19.963784+00:00", "symbol": "DOGE-USD"}, {"trade_id": 139201520, "side": "sell", "size": "20.10000000", "price": "0.20098000", "time": "2025-07-16T01:17:18.005957Z", "fetched_at": "2025-07-16T01:20:19.963784+00:00", "symbol": "DOGE-USD"}, {"trade_id": 139201519, "side": "sell", "size": "5.50000000", "price": "0.20098000", "time": "2025-07-16T01:17:18.005957Z", "fetched_at": "2025-07-16T01:20:19.963784+00:00", "symbol": "DOGE-USD"}, {"trade_id": 139201518, "side": "sell", "size": "5.50000000", "price": "0.20096000", "time": "2025-07-16T01:17:17.952309Z", "fetched_at": "2025-07-16T01:20:19.963784+00:00", "symbol": "DOGE-USD"}, {"trade_id": 139201517, "side": "sell", "size": "366.00000000", "price": "0.20095000", "time": "2025-07-16T01:17:17.884478Z", "fetched_at": "2025-07-16T01:20:19.963784+00:00", "symbol": "DOGE-USD"}, {"trade_id": 139201516, "side": "sell", "size": "5.50000000", "price": "0.20094000", "time": "2025-07-16T01:17:17.863315Z", "fetched_at": "2025-07-16T01:20:19.963784+00:00", "symbol": "DOGE-USD"}, {"trade_id": 139201515, "side": "sell", "size": "28.70000000", "price": "0.20092000", "time": "2025-07-16T01:17:17.089434Z", "fetched_at": "2025-07-16T01:20:19.963784+00:00", "symbol": "DOGE-USD"}, {"trade_id": 139201514, "side": "sell", "size": "23.00000000", "price": "0.20092000", "time": "2025-07-16T01:17:17.010575Z", "fetched_at": "2025-07-16T01:20:19.963784+00:00", "symbol": "DOGE-USD"}, {"trade_id": 139201513, "side": "sell", "size": "171.80000000", "price": "0.20092000", "time": "2025-07-16T01:17:17.010575Z", "fetched_at": "2025-07-16T01:20:19.963784+00:00", "symbol": "DOGE-USD"}, {"trade_id": 139201512, "side": "sell", "size": "1363.70000000", "price": "0.20092000", "time": "2025-07-16T01:17:17.010575Z", "fetched_at": "2025-07-16T01:20:19.963784+00:00", "symbol": "DOGE-USD"}, {"trade_id": 139201511, "side": "sell", "size": "387.80000000", "price": "0.20092000", "time": "2025-07-16T01:17:15.973651Z", "fetched_at": "2025-07-16T01:20:19.963784+00:00", "symbol": "DOGE-USD"}, {"trade_id": 139201510, "side": "sell", "size": "5.50000000", "price": "0.20092000", "time": "2025-07-16T01:17:15.973651Z", "fetched_at": "2025-07-16T01:20:19.963784+00:00", "symbol": "DOGE-USD"}, {"trade_id": 139201509, "side": "sell", "size": "1086.60000000", "price": "0.20088000", "time": "2025-07-16T01:17:12.561491Z", "fetched_at": "2025-07-16T01:20:19.963784+00:00", "symbol": "DOGE-USD"}, {"trade_id": 139201508, "side": "sell", "size": "887.30000000", "price": "0.20088000", "time": "2025-07-16T01:17:12.561491Z", "fetched_at": "2025-07-16T01:20:19.963784+00:00", "symbol": "DOGE-USD"}, {"trade_id": 139201507, "side": "sell", "size": "1939.40000000", "price": "0.20088000", "time": "2025-07-16T01:17:12.561491Z", "fetched_at": "2025-07-16T01:20:19.963784+00:00", "symbol": "DOGE-USD"}, {"trade_id": 139201506, "side": "sell", "size": "34.50000000", "price": "0.20088000", "time": "2025-07-16T01:17:12.561491Z", "fetched_at": "2025-07-16T01:20:19.963784+00:00", "symbol": "DOGE-USD"}, {"trade_id": 139201505, "side": "sell", "size": "19.80000000", "price": "0.20085000", "time": "2025-07-16T01:17:11.983287Z", "fetched_at": "2025-07-16T01:20:19.963784+00:00", "symbol": "DOGE-USD"}, {"trade_id": 139201504, "side": "buy", "size": "75.20000000", "price": "0.20084000", "time": "2025-07-16T01:17:09.190072Z", "fetched_at": "2025-07-16T01:20:19.963784+00:00", "symbol": "DOGE-USD"}, {"trade_id": 139201503, "side": "buy", "size": "26.00000000", "price": "0.20083000", "time": "2025-07-16T01:17:06.935361Z", "fetched_at": "2025-07-16T01:20:19.963784+00:00", "symbol": "DOGE-USD"}, {"trade_id": 139201502, "side": "buy", "size": "2000.00000000", "price": "0.20084000", "time": "2025-07-16T01:17:06.931421Z", "fetched_at": "2025-07-16T01:20:19.963784+00:00", "symbol": "DOGE-USD"}, {"trade_id": 139201501, "side": "buy", "size": "2906.40000000", "price": "0.20084000", "time": "2025-07-16T01:17:06.931421Z", "fetched_at": "2025-07-16T01:20:19.963784+00:00", "symbol": "DOGE-USD"}, {"trade_id": 139201500, "side": "sell", "size": "5.00000000", "price": "0.20083000", "time": "2025-07-16T01:17:04.467455Z", "fetched_at": "2025-07-16T01:20:19.963784+00:00", "symbol": "DOGE-USD"}, {"trade_id": 139201499, "side": "buy", "size": "19.40000000", "price": "0.20082000", "time": "2025-07-16T01:17:04.383931Z", "fetched_at": "2025-07-16T01:20:19.963784+00:00", "symbol": "DOGE-USD"}, {"trade_id": 139201498, "side": "buy", "size": "5.50000000", "price": "0.20082000", "time": "2025-07-16T01:17:04.383931Z", "fetched_at": "2025-07-16T01:20:19.963784+00:00", "symbol": "DOGE-USD"}, {"trade_id": 139201497, "side": "sell", "size": "163.50000000", "price": "0.20083000", "time": "2025-07-16T01:17:03.937282Z", "fetched_at": "2025-07-16T01:20:19.963784+00:00", "symbol": "DOGE-USD"}, {"trade_id": 139201496, "side": "sell", "size": "336.50000000", "price": "0.20083000", "time": "2025-07-16T01:17:03.937282Z", "fetched_at": "2025-07-16T01:20:19.963784+00:00", "symbol": "DOGE-USD"}, {"trade_id": 139201495, "side": "buy", "size": "10000.00000000", "price": "0.20083000", "time": "2025-07-16T01:17:03.387353Z", "fetched_at": "2025-07-16T01:20:19.963784+00:00", "symbol": "DOGE-USD"}, {"trade_id": 139201494, "side": "buy", "size": "32.30000000", "price": "0.20084000", "time": "2025-07-16T01:17:03.387353Z", "fetched_at": "2025-07-16T01:20:19.963784+00:00", "symbol": "DOGE-USD"}, {"trade_id": 139201493, "side": "buy", "size": "5.50000000", "price": "0.20084000", "time": "2025-07-16T01:17:03.387353Z", "fetched_at": "2025-07-16T01:20:19.963784+00:00", "symbol": "DOGE-USD"}, {"trade_id": 139201492, "side": "buy", "size": "3368.10000000", "price": "0.20086000", "time": "2025-07-16T01:17:03.277525Z", "fetched_at": "2025-07-16T01:20:19.963784+00:00", "symbol": "DOGE-USD"}, {"trade_id": 139201491, "side": "buy", "size": "5.50000000", "price": "0.20086000", "time": "2025-07-16T01:17:03.277525Z", "fetched_at": "2025-07-16T01:20:19.963784+00:00", "symbol": "DOGE-USD"}, {"trade_id": 139201490, "side": "buy", "size": "548.30000000", "price": "0.20086000", "time": "2025-07-16T01:17:03.277525Z", "fetched_at": "2025-07-16T01:20:19.963784+00:00", "symbol": "DOGE-USD"}, {"trade_id": 139201489, "side": "buy", "size": "5.50000000", "price": "0.20088000", "time": "2025-07-16T01:17:02.710562Z", "fetched_at": "2025-07-16T01:20:19.963784+00:00", "symbol": "DOGE-USD"}, {"trade_id": 139201488, "side": "buy", "size": "868.90000000", "price": "0.20090000", "time": "2025-07-16T01:17:02.438386Z", "fetched_at": "2025-07-16T01:20:19.963784+00:00", "symbol": "DOGE-USD"}, {"trade_id": 139201487, "side": "buy", "size": "3854.50000000", "price": "0.20090000", "time": "2025-07-16T01:17:02.438386Z", "fetched_at": "2025-07-16T01:20:19.963784+00:00", "symbol": "DOGE-USD"}, {"trade_id": 139201486, "side": "buy", "size": "19.20000000", "price": "0.20091000", "time": "2025-07-16T01:17:02.438386Z", "fetched_at": "2025-07-16T01:20:19.963784+00:00", "symbol": "DOGE-USD"}, {"trade_id": 139201485, "side": "buy", "size": "4460.90000000", "price": "0.20090000", "time": "2025-07-16T01:17:00.919331Z", "fetched_at": "2025-07-16T01:20:19.963784+00:00", "symbol": "DOGE-USD"}, {"trade_id": 139201484, "side": "buy", "size": "5.50000000", "price": "0.20090000", "time": "2025-07-16T01:17:00.919331Z", "fetched_at": "2025-07-16T01:20:19.963784+00:00", "symbol": "DOGE-USD"}, {"trade_id": 139201483, "side": "buy", "size": "65.30000000", "price": "0.20094000", "time": "2025-07-16T01:16:58.934300Z", "fetched_at": "2025-07-16T01:20:19.963784+00:00", "symbol": "DOGE-USD"}, {"trade_id": 139201482, "side": "sell", "size": "10.10000000", "price": "0.20094000", "time": "2025-07-16T01:16:55.094487Z", "fetched_at": "2025-07-16T01:20:19.963784+00:00", "symbol": "DOGE-USD"}, {"trade_id": 139201481, "side": "sell", "size": "5.50000000", "price": "0.20094000", "time": "2025-07-16T01:16:55.094487Z", "fetched_at": "2025-07-16T01:20:19.963784+00:00", "symbol": "DOGE-USD"}, {"trade_id": 139201480, "side": "sell", "size": "20.20000000", "price": "0.20092000", "time": "2025-07-16T01:16:53.503596Z", "fetched_at": "2025-07-16T01:20:19.963784+00:00", "symbol": "DOGE-USD"}, {"trade_id": 139201479, "side": "sell", "size": "5.50000000", "price": "0.20092000", "time": "2025-07-16T01:16:53.503596Z", "fetched_at": "2025-07-16T01:20:19.963784+00:00", "symbol": "DOGE-USD"}, {"trade_id": 139201478, "side": "sell", "size": "5.90000000", "price": "0.20090000", "time": "2025-07-16T01:16:52.124682Z", "fetched_at": "2025-07-16T01:20:19.963784+00:00", "symbol": "DOGE-USD"}, {"trade_id": 139201477, "side": "sell", "size": "5.50000000", "price": "0.20090000", "time": "2025-07-16T01:16:52.124682Z", "fetched_at": "2025-07-16T01:20:19.963784+00:00", "symbol": "DOGE-USD"}, {"trade_id": 139201476, "side": "buy", "size": "146.30000000", "price": "0.20089000", "time": "2025-07-16T01:16:52.075305Z", "fetched_at": "2025-07-16T01:20:19.963784+00:00", "symbol": "DOGE-USD"}, {"trade_id": 139201475, "side": "buy", "size": "305.00000000", "price": "0.20089000", "time": "2025-07-16T01:16:52.075305Z", "fetched_at": "2025-07-16T01:20:19.963784+00:00", "symbol": "DOGE-USD"}, {"trade_id": 139201474, "side": "sell", "size": "326.20000000", "price": "0.20086000", "time": "2025-07-16T01:16:51.332314Z", "fetched_at": "2025-07-16T01:20:19.963784+00:00", "symbol": "DOGE-USD"}, {"trade_id": 139201473, "side": "sell", "size": "101.00000000", "price": "0.20088000", "time": "2025-07-16T01:16:50.378398Z", "fetched_at": "2025-07-16T01:20:19.963784+00:00", "symbol": "DOGE-USD"}, {"trade_id": 139201472, "side": "sell", "size": "11.70000000", "price": "0.20088000", "time": "2025-07-16T01:16:50.378398Z", "fetched_at": "2025-07-16T01:20:19.963784+00:00", "symbol": "DOGE-USD"}, {"trade_id": 139201471, "side": "sell", "size": "5.50000000", "price": "0.20088000", "time": "2025-07-16T01:16:50.378398Z", "fetched_at": "2025-07-16T01:20:19.963784+00:00", "symbol": "DOGE-USD"}, {"trade_id": 139201470, "side": "buy", "size": "47.80000000", "price": "0.20087000", "time": "2025-07-16T01:16:49.850933Z", "fetched_at": "2025-07-16T01:20:19.963784+00:00", "symbol": "DOGE-USD"}, {"trade_id": 139201469, "side": "sell", "size": "23.40000000", "price": "0.20086000", "time": "2025-07-16T01:16:48.600942Z", "fetched_at": "2025-07-16T01:20:19.963784+00:00", "symbol": "DOGE-USD"}, {"trade_id": 139201468, "side": "sell", "size": "5.50000000", "price": "0.20086000", "time": "2025-07-16T01:16:47.502896Z", "fetched_at": "2025-07-16T01:20:19.963784+00:00", "symbol": "DOGE-USD"}, {"trade_id": 139201467, "side": "sell", "size": "5.50000000", "price": "0.20086000", "time": "2025-07-16T01:16:47.502896Z", "fetched_at": "2025-07-16T01:20:19.963784+00:00", "symbol": "DOGE-USD"}, {"trade_id": 139201466, "side": "sell", "size": "5.90000000", "price": "0.20085000", "time": "2025-07-16T01:16:47.502896Z", "fetched_at": "2025-07-16T01:20:19.963784+00:00", "symbol": "DOGE-USD"}, {"trade_id": 139201465, "side": "sell", "size": "5.50000000", "price": "0.20084000", "time": "2025-07-16T01:16:47.502896Z", "fetched_at": "2025-07-16T01:20:19.963784+00:00", "symbol": "DOGE-USD"}, {"trade_id": 139201464, "side": "sell", "size": "12.30000000", "price": "0.20082000", "time": "2025-07-16T01:16:47.300535Z", "fetched_at": "2025-07-16T01:20:19.963784+00:00", "symbol": "DOGE-USD"}, {"trade_id": 139201463, "side": "sell", "size": "5.50000000", "price": "0.20082000", "time": "2025-07-16T01:16:47.300535Z", "fetched_at": "2025-07-16T01:20:19.963784+00:00", "symbol": "DOGE-USD"}, {"trade_id": 139201462, "side": "sell", "size": "7.80000000", "price": "0.20080000", "time": "2025-07-16T01:16:45.700976Z", "fetched_at": "2025-07-16T01:20:19.963784+00:00", "symbol": "DOGE-USD"}, {"trade_id": 139201461, "side": "sell", "size": "5.50000000", "price": "0.20080000", "time": "2025-07-16T01:16:45.700976Z", "fetched_at": "2025-07-16T01:20:19.963784+00:00", "symbol": "DOGE-USD"}, {"trade_id": 139201460, "side": "sell", "size": "5.10000000", "price": "0.20079000", "time": "2025-07-16T01:16:45.700976Z", "fetched_at": "2025-07-16T01:20:19.963784+00:00", "symbol": "DOGE-USD"}, {"trade_id": 139201459, "side": "sell", "size": "5.00000000", "price": "0.20078000", "time": "2025-07-16T01:16:45.700976Z", "fetched_at": "2025-07-16T01:20:19.963784+00:00", "symbol": "DOGE-USD"}, {"trade_id": 139201458, "side": "sell", "size": "19.50000000", "price": "0.20078000", "time": "2025-07-16T01:16:43.807164Z", "fetched_at": "2025-07-16T01:20:19.963784+00:00", "symbol": "DOGE-USD"}, {"trade_id": 139201457, "side": "sell", "size": "5.50000000", "price": "0.20078000", "time": "2025-07-16T01:16:43.807164Z", "fetched_at": "2025-07-16T01:20:19.963784+00:00", "symbol": "DOGE-USD"}, {"trade_id": 139201456, "side": "sell", "size": "5.50000000", "price": "0.20076000", "time": "2025-07-16T01:16:42.103748Z", "fetched_at": "2025-07-16T01:20:19.963784+00:00", "symbol": "DOGE-USD"}, {"trade_id": 139201455, "side": "sell", "size": "77.10000000", "price": "0.20076000", "time": "2025-07-16T01:16:42.103748Z", "fetched_at": "2025-07-16T01:20:19.963784+00:00", "symbol": "DOGE-USD"}, {"trade_id": 139201454, "side": "sell", "size": "181.30000000", "price": "0.20075000", "time": "2025-07-16T01:16:42.069126Z", "fetched_at": "2025-07-16T01:20:19.963784+00:00", "symbol": "DOGE-USD"}, {"trade_id": 139201453, "side": "sell", "size": "14.50000000", "price": "0.20074000", "time": "2025-07-16T01:16:41.988937Z", "fetched_at": "2025-07-16T01:20:19.963784+00:00", "symbol": "DOGE-USD"}, {"trade_id": 139201452, "side": "sell", "size": "1200.40000000", "price": "0.20074000", "time": "2025-07-16T01:16:39.492749Z", "fetched_at": "2025-07-16T01:20:19.963784+00:00", "symbol": "DOGE-USD"}, {"trade_id": 139201451, "side": "sell", "size": "5.50000000", "price": "0.20074000", "time": "2025-07-16T01:16:39.492749Z", "fetched_at": "2025-07-16T01:20:19.963784+00:00", "symbol": "DOGE-USD"}, {"trade_id": 139201450, "side": "sell", "size": "61.80000000", "price": "0.20074000", "time": "2025-07-16T01:16:39.492749Z", "fetched_at": "2025-07-16T01:20:19.963784+00:00", "symbol": "DOGE-USD"}, {"trade_id": 139201449, "side": "sell", "size": "1373.00000000", "price": "0.20073000", "time": "2025-07-16T01:16:39.492749Z", "fetched_at": "2025-07-16T01:20:19.963784+00:00", "symbol": "DOGE-USD"}, {"trade_id": 139201448, "side": "sell", "size": "500.00000000", "price": "0.20073000", "time": "2025-07-16T01:16:39.492749Z", "fetched_at": "2025-07-16T01:20:19.963784+00:00", "symbol": "DOGE-USD"}, {"trade_id": 139201447, "side": "sell", "size": "1646.30000000", "price": "0.20072000", "time": "2025-07-16T01:16:39.492749Z", "fetched_at": "2025-07-16T01:20:19.963784+00:00", "symbol": "DOGE-USD"}, {"trade_id": 139201446, "side": "sell", "size": "1977.90000000", "price": "0.20072000", "time": "2025-07-16T01:16:39.492749Z", "fetched_at": "2025-07-16T01:20:19.963784+00:00", "symbol": "DOGE-USD"}, {"trade_id": 139201445, "side": "sell", "size": "5.50000000", "price": "0.20072000", "time": "2025-07-16T01:16:39.492749Z", "fetched_at": "2025-07-16T01:20:19.963784+00:00", "symbol": "DOGE-USD"}, {"trade_id": 139201444, "side": "sell", "size": "15.20000000", "price": "0.20071000", "time": "2025-07-16T01:16:39.492749Z", "fetched_at": "2025-07-16T01:20:19.963784+00:00", "symbol": "DOGE-USD"}, {"trade_id": 139201443, "side": "sell", "size": "29.10000000", "price": "0.20070000", "time": "2025-07-16T01:16:39.492749Z", "fetched_at": "2025-07-16T01:20:19.963784+00:00", "symbol": "DOGE-USD"}, {"trade_id": 139201442, "side": "buy", "size": "5.50000000", "price": "0.20068000", "time": "2025-07-16T01:16:38.831844Z", "fetched_at": "2025-07-16T01:20:19.963784+00:00", "symbol": "DOGE-USD"}, {"trade_id": 139201441, "side": "buy", "size": "25.00000000", "price": "0.20069000", "time": "2025-07-16T01:16:38.787052Z", "fetched_at": "2025-07-16T01:20:19.963784+00:00", "symbol": "DOGE-USD"}, {"trade_id": 139201440, "side": "buy", "size": "868.90000000", "price": "0.20069000", "time": "2025-07-16T01:16:38.787052Z", "fetched_at": "2025-07-16T01:20:19.963784+00:00", "symbol": "DOGE-USD"}, {"trade_id": 139201439, "side": "buy", "size": "3726.80000000", "price": "0.20069000", "time": "2025-07-16T01:16:38.787052Z", "fetched_at": "2025-07-16T01:20:19.963784+00:00", "symbol": "DOGE-USD"}, {"trade_id": 139201438, "side": "buy", "size": "17779.20000000", "price": "0.20069000", "time": "2025-07-16T01:16:38.787052Z", "fetched_at": "2025-07-16T01:20:19.963784+00:00", "symbol": "DOGE-USD"}, {"trade_id": 139201437, "side": "buy", "size": "245.00000000", "price": "0.20069000", "time": "2025-07-16T01:16:38.622676Z", "fetched_at": "2025-07-16T01:20:19.963784+00:00", "symbol": "DOGE-USD"}, {"trade_id": 139201436, "side": "sell", "size": "23.50000000", "price": "0.20070000", "time": "2025-07-16T01:16:35.737733Z", "fetched_at": "2025-07-16T01:20:19.963784+00:00", "symbol": "DOGE-USD"}, {"trade_id": 139201435, "side": "sell", "size": "47.00000000", "price": "0.20072000", "time": "2025-07-16T01:16:34.206507Z", "fetched_at": "2025-07-16T01:20:19.963784+00:00", "symbol": "DOGE-USD"}, {"trade_id": 139201434, "side": "sell", "size": "21.40000000", "price": "0.20071000", "time": "2025-07-16T01:16:31.435137Z", "fetched_at": "2025-07-16T01:20:19.963784+00:00", "symbol": "DOGE-USD"}, {"trade_id": 139201433, "side": "sell", "size": "3.30000000", "price": "0.20071000", "time": "2025-07-16T01:16:30.343091Z", "fetched_at": "2025-07-16T01:20:19.963784+00:00", "symbol": "DOGE-USD"}, {"trade_id": 139201432, "side": "buy", "size": "15.70000000", "price": "0.20069000", "time": "2025-07-16T01:16:26.208395Z", "fetched_at": "2025-07-16T01:20:19.963784+00:00", "symbol": "DOGE-USD"}, {"trade_id": 139201431, "side": "sell", "size": "189.60000000", "price": "0.20073000", "time": "2025-07-16T01:16:25.147055Z", "fetched_at": "2025-07-16T01:20:19.963784+00:00", "symbol": "DOGE-USD"}, {"trade_id": 139201430, "side": "sell", "size": "196.50000000", "price": "0.20073000", "time": "2025-07-16T01:16:25.147055Z", "fetched_at": "2025-07-16T01:20:19.963784+00:00", "symbol": "DOGE-USD"}, {"trade_id": 139201429, "side": "sell", "size": "5.50000000", "price": "0.20072000", "time": "2025-07-16T01:16:25.147055Z", "fetched_at": "2025-07-16T01:20:19.963784+00:00", "symbol": "DOGE-USD"}, {"trade_id": 139201428, "side": "sell", "size": "67.00000000", "price": "0.20072000", "time": "2025-07-16T01:16:25.147055Z", "fetched_at": "2025-07-16T01:20:19.963784+00:00", "symbol": "DOGE-USD"}, {"trade_id": 139201427, "side": "sell", "size": "14.90000000", "price": "0.20071000", "time": "2025-07-16T01:16:25.147055Z", "fetched_at": "2025-07-16T01:20:19.963784+00:00", "symbol": "DOGE-USD"}, {"trade_id": 139201426, "side": "sell", "size": "5.50000000", "price": "0.20070000", "time": "2025-07-16T01:16:25.147055Z", "fetched_at": "2025-07-16T01:20:19.963784+00:00", "symbol": "DOGE-USD"}, {"trade_id": 139201425, "side": "sell", "size": "5.50000000", "price": "0.20068000", "time": "2025-07-16T01:16:25.147055Z", "fetched_at": "2025-07-16T01:20:19.963784+00:00", "symbol": "DOGE-USD"}, {"trade_id": 139201424, "side": "sell", "size": "266.60000000", "price": "0.20066000", "time": "2025-07-16T01:16:24.626802Z", "fetched_at": "2025-07-16T01:20:19.963784+00:00", "symbol": "DOGE-USD"}, {"trade_id": 139201423, "side": "buy", "size": "266.60000000", "price": "0.20067000", "time": "2025-07-16T01:16:17.673535Z", "fetched_at": "2025-07-16T01:20:19.963784+00:00", "symbol": "DOGE-USD"}, {"trade_id": 139201422, "side": "buy", "size": "223.50000000", "price": "0.20065000", "time": "2025-07-16T01:16:17.663701Z", "fetched_at": "2025-07-16T01:20:19.963784+00:00", "symbol": "DOGE-USD"}, {"trade_id": 139201421, "side": "buy", "size": "2654.70000000", "price": "0.20065000", "time": "2025-07-16T01:16:17.663701Z", "fetched_at": "2025-07-16T01:20:19.963784+00:00", "symbol": "DOGE-USD"}, {"trade_id": 139201420, "side": "buy", "size": "504.70000000", "price": "0.20060000", "time": "2025-07-16T01:16:17.661344Z", "fetched_at": "2025-07-16T01:20:19.963784+00:00", "symbol": "DOGE-USD"}, {"trade_id": 139201419, "side": "sell", "size": "3736.70000000", "price": "0.20071000", "time": "2025-07-16T01:16:17.655629Z", "fetched_at": "2025-07-16T01:20:19.963784+00:00", "symbol": "DOGE-USD"}, {"trade_id": 139201418, "side": "sell", "size": "4139.80000000", "price": "0.20071000", "time": "2025-07-16T01:16:17.655629Z", "fetched_at": "2025-07-16T01:20:19.963784+00:00", "symbol": "DOGE-USD"}, {"trade_id": 139201417, "side": "sell", "size": "186.50000000", "price": "0.20071000", "time": "2025-07-16T01:16:17.655629Z", "fetched_at": "2025-07-16T01:20:19.963784+00:00", "symbol": "DOGE-USD"}, {"trade_id": 139201416, "side": "sell", "size": "5370.70000000", "price": "0.20070000", "time": "2025-07-16T01:16:17.655629Z", "fetched_at": "2025-07-16T01:20:19.963784+00:00", "symbol": "DOGE-USD"}, {"trade_id": 139201415, "side": "sell", "size": "80000.00000000", "price": "0.20070000", "time": "2025-07-16T01:16:17.655629Z", "fetched_at": "2025-07-16T01:20:19.963784+00:00", "symbol": "DOGE-USD"}, {"trade_id": 139201414, "side": "sell", "size": "5.50000000", "price": "0.20070000", "time": "2025-07-16T01:16:17.655629Z", "fetched_at": "2025-07-16T01:20:19.963784+00:00", "symbol": "DOGE-USD"}, {"trade_id": 139201413, "side": "sell", "size": "86.80000000", "price": "0.20070000", "time": "2025-07-16T01:16:17.655629Z", "fetched_at": "2025-07-16T01:20:19.963784+00:00", "symbol": "DOGE-USD"}, {"trade_id": 139201412, "side": "sell", "size": "2992.10000000", "price": "0.20069000", "time": "2025-07-16T01:16:17.655629Z", "fetched_at": "2025-07-16T01:20:19.963784+00:00", "symbol": "DOGE-USD"}, {"trade_id": 139201411, "side": "sell", "size": "24942.00000000", "price": "0.20069000", "time": "2025-07-16T01:16:17.655629Z", "fetched_at": "2025-07-16T01:20:19.963784+00:00", "symbol": "DOGE-USD"}, {"trade_id": 139201410, "side": "sell", "size": "77.10000000", "price": "0.20069000", "time": "2025-07-16T01:16:17.655629Z", "fetched_at": "2025-07-16T01:20:19.963784+00:00", "symbol": "DOGE-USD"}, {"trade_id": 139201409, "side": "sell", "size": "590.70000000", "price": "0.20069000", "time": "2025-07-16T01:16:17.655629Z", "fetched_at": "2025-07-16T01:20:19.963784+00:00", "symbol": "DOGE-USD"}, {"trade_id": 139201408, "side": "sell", "size": "583.70000000", "price": "0.20069000", "time": "2025-07-16T01:16:17.655629Z", "fetched_at": "2025-07-16T01:20:19.963784+00:00", "symbol": "DOGE-USD"}, {"trade_id": 139201407, "side": "sell", "size": "1593.00000000", "price": "0.20069000", "time": "2025-07-16T01:16:17.655629Z", "fetched_at": "2025-07-16T01:20:19.963784+00:00", "symbol": "DOGE-USD"}, {"trade_id": 139201406, "side": "sell", "size": "5658.20000000", "price": "0.20068000", "time": "2025-07-16T01:16:17.655629Z", "fetched_at": "2025-07-16T01:20:19.963784+00:00", "symbol": "DOGE-USD"}, {"trade_id": 139201405, "side": "sell", "size": "5.50000000", "price": "0.20068000", "time": "2025-07-16T01:16:17.655629Z", "fetched_at": "2025-07-16T01:20:19.963784+00:00", "symbol": "DOGE-USD"}, {"trade_id": 139201404, "side": "sell", "size": "42.10000000", "price": "0.20068000", "time": "2025-07-16T01:16:17.655629Z", "fetched_at": "2025-07-16T01:20:19.963784+00:00", "symbol": "DOGE-USD"}, {"trade_id": 139201403, "side": "sell", "size": "8750.60000000", "price": "0.20067000", "time": "2025-07-16T01:16:17.655629Z", "fetched_at": "2025-07-16T01:20:19.963784+00:00", "symbol": "DOGE-USD"}, {"trade_id": 139201402, "side": "sell", "size": "41.90000000", "price": "0.20067000", "time": "2025-07-16T01:16:17.655629Z", "fetched_at": "2025-07-16T01:20:19.963784+00:00", "symbol": "DOGE-USD"}, {"trade_id": 139201401, "side": "sell", "size": "10000.00000000", "price": "0.20066000", "time": "2025-07-16T01:16:17.655629Z", "fetched_at": "2025-07-16T01:20:19.963784+00:00", "symbol": "DOGE-USD"}, {"trade_id": 139201400, "side": "sell", "size": "5.50000000", "price": "0.20066000", "time": "2025-07-16T01:16:17.655629Z", "fetched_at": "2025-07-16T01:20:19.963784+00:00", "symbol": "DOGE-USD"}, {"trade_id": 139201399, "side": "sell", "size": "282.50000000", "price": "0.20066000", "time": "2025-07-16T01:16:17.655629Z", "fetched_at": "2025-07-16T01:20:19.963784+00:00", "symbol": "DOGE-USD"}, {"trade_id": 139201398, "side": "sell", "size": "283.10000000", "price": "0.20066000", "time": "2025-07-16T01:16:17.655629Z", "fetched_at": "2025-07-16T01:20:19.963784+00:00", "symbol": "DOGE-USD"}, {"trade_id": 139201397, "side": "sell", "size": "279.20000000", "price": "0.20066000", "time": "2025-07-16T01:16:17.655629Z", "fetched_at": "2025-07-16T01:20:19.963784+00:00", "symbol": "DOGE-USD"}, {"trade_id": 139201396, "side": "sell", "size": "1593.00000000", "price": "0.20066000", "time": "2025-07-16T01:16:17.655629Z", "fetched_at": "2025-07-16T01:20:19.963784+00:00", "symbol": "DOGE-USD"}, {"trade_id": 139201395, "side": "sell", "size": "2000.00000000", "price": "0.20065000", "time": "2025-07-16T01:16:17.655629Z", "fetched_at": "2025-07-16T01:20:19.963784+00:00", "symbol": "DOGE-USD"}, {"trade_id": 139201394, "side": "sell", "size": "1496.00000000", "price": "0.20065000", "time": "2025-07-16T01:16:17.655629Z", "fetched_at": "2025-07-16T01:20:19.963784+00:00", "symbol": "DOGE-USD"}, {"trade_id": 139201393, "side": "sell", "size": "281.90000000", "price": "0.20065000", "time": "2025-07-16T01:16:17.655629Z", "fetched_at": "2025-07-16T01:20:19.963784+00:00", "symbol": "DOGE-USD"}, {"trade_id": 139201392, "side": "sell", "size": "282.40000000", "price": "0.20065000", "time": "2025-07-16T01:16:17.655629Z", "fetched_at": "2025-07-16T01:20:19.963784+00:00", "symbol": "DOGE-USD"}, {"trade_id": 139201391, "side": "sell", "size": "278.10000000", "price": "0.20065000", "time": "2025-07-16T01:16:17.655629Z", "fetched_at": "2025-07-16T01:20:19.963784+00:00", "symbol": "DOGE-USD"}, {"trade_id": 139201390, "side": "sell", "size": "5.50000000", "price": "0.20064000", "time": "2025-07-16T01:16:17.655629Z", "fetched_at": "2025-07-16T01:20:19.963784+00:00", "symbol": "DOGE-USD"}, {"trade_id": 139201389, "side": "sell", "size": "2492.10000000", "price": "0.20063000", "time": "2025-07-16T01:16:17.655629Z", "fetched_at": "2025-07-16T01:20:19.963784+00:00", "symbol": "DOGE-USD"}, {"trade_id": 139201388, "side": "sell", "size": "2310.60000000", "price": "0.20063000", "time": "2025-07-16T01:16:17.655629Z", "fetched_at": "2025-07-16T01:20:19.963784+00:00", "symbol": "DOGE-USD"}, {"trade_id": 139201387, "side": "sell", "size": "24942.00000000", "price": "0.20063000", "time": "2025-07-16T01:16:17.655629Z", "fetched_at": "2025-07-16T01:20:19.963784+00:00", "symbol": "DOGE-USD"}, {"trade_id": 139201386, "side": "sell", "size": "5.50000000", "price": "0.20062000", "time": "2025-07-16T01:16:17.655629Z", "fetched_at": "2025-07-16T01:20:19.963784+00:00", "symbol": "DOGE-USD"}, {"trade_id": 139201385, "side": "sell", "size": "1593.00000000", "price": "0.20061000", "time": "2025-07-16T01:16:17.655629Z", "fetched_at": "2025-07-16T01:20:19.963784+00:00", "symbol": "DOGE-USD"}, {"trade_id": 139201384, "side": "sell", "size": "1911.40000000", "price": "0.20060000", "time": "2025-07-16T01:16:17.655492Z", "fetched_at": "2025-07-16T01:20:19.963784+00:00", "symbol": "DOGE-USD"}, {"trade_id": 139201383, "side": "sell", "size": "1380.70000000", "price": "0.20060000", "time": "2025-07-16T01:16:17.655492Z", "fetched_at": "2025-07-16T01:20:19.963784+00:00", "symbol": "DOGE-USD"}, {"trade_id": 139201382, "side": "sell", "size": "5.50000000", "price": "0.20060000", "time": "2025-07-16T01:16:17.655492Z", "fetched_at": "2025-07-16T01:20:19.963784+00:00", "symbol": "DOGE-USD"}, {"trade_id": 139201381, "side": "sell", "size": "11104.10000000", "price": "0.20060000", "time": "2025-07-16T01:16:17.655492Z", "fetched_at": "2025-07-16T01:20:19.963784+00:00", "symbol": "DOGE-USD"}, {"trade_id": 139201380, "side": "sell", "size": "6939.30000000", "price": "0.20060000", "time": "2025-07-16T01:16:17.655477Z", "fetched_at": "2025-07-16T01:20:19.963784+00:00", "symbol": "DOGE-USD"}, {"trade_id": 139201379, "side": "sell", "size": "1616.10000000", "price": "0.20060000", "time": "2025-07-16T01:16:17.655447Z", "fetched_at": "2025-07-16T01:20:19.963784+00:00", "symbol": "DOGE-USD"}, {"trade_id": 139201378, "side": "sell", "size": "1022.70000000", "price": "0.20060000", "time": "2025-07-16T01:16:17.655313Z", "fetched_at": "2025-07-16T01:20:19.963784+00:00", "symbol": "DOGE-USD"}, {"trade_id": 139201377, "side": "sell", "size": "2500.00000000", "price": "0.20059000", "time": "2025-07-16T01:16:17.655313Z", "fetched_at": "2025-07-16T01:20:19.963784+00:00", "symbol": "DOGE-USD"}, {"trade_id": 139201376, "side": "sell", "size": "11922.60000000", "price": "0.20059000", "time": "2025-07-16T01:16:17.654752Z", "fetched_at": "2025-07-16T01:20:19.963784+00:00", "symbol": "DOGE-USD"}, {"trade_id": 139201375, "side": "sell", "size": "987.20000000", "price": "0.20059000", "time": "2025-07-16T01:16:17.654741Z", "fetched_at": "2025-07-16T01:20:19.963784+00:00", "symbol": "DOGE-USD"}, {"trade_id": 139201374, "side": "sell", "size": "500.00000000", "price": "0.20059000", "time": "2025-07-16T01:16:17.654741Z", "fetched_at": "2025-07-16T01:20:19.963784+00:00", "symbol": "DOGE-USD"}, {"trade_id": 139201373, "side": "sell", "size": "500.00000000", "price": "0.20058000", "time": "2025-07-16T01:16:17.654449Z", "fetched_at": "2025-07-16T01:20:19.963784+00:00", "symbol": "DOGE-USD"}, {"trade_id": 139201372, "side": "sell", "size": "1593.00000000", "price": "0.20058000", "time": "2025-07-16T01:16:17.654449Z", "fetched_at": "2025-07-16T01:20:19.963784+00:00", "symbol": "DOGE-USD"}, {"trade_id": 139201371, "side": "sell", "size": "583.70000000", "price": "0.20057000", "time": "2025-07-16T01:16:17.654449Z", "fetched_at": "2025-07-16T01:20:19.963784+00:00", "symbol": "DOGE-USD"}, {"trade_id": 139201370, "side": "sell", "size": "870.90000000", "price": "0.20056000", "time": "2025-07-16T01:16:17.653941Z", "fetched_at": "2025-07-16T01:20:19.963784+00:00", "symbol": "DOGE-USD"}, {"trade_id": 139201369, "side": "sell", "size": "16.20000000", "price": "0.20056000", "time": "2025-07-16T01:16:17.653941Z", "fetched_at": "2025-07-16T01:20:19.963784+00:00", "symbol": "DOGE-USD"}, {"trade_id": 139201368, "side": "sell", "size": "1593.00000000", "price": "0.20055000", "time": "2025-07-16T01:16:17.653941Z", "fetched_at": "2025-07-16T01:20:19.963784+00:00", "symbol": "DOGE-USD"}, {"trade_id": 139201367, "side": "sell", "size": "11.80000000", "price": "0.20054000", "time": "2025-07-16T01:16:17.653941Z", "fetched_at": "2025-07-16T01:20:19.963784+00:00", "symbol": "DOGE-USD"}, {"trade_id": 139201366, "side": "sell", "size": "287.20000000", "price": "0.20057000", "time": "2025-07-16T01:16:14.641082Z", "fetched_at": "2025-07-16T01:20:19.963784+00:00", "symbol": "DOGE-USD"}, {"trade_id": 139201365, "side": "sell", "size": "12.80000000", "price": "0.20056000", "time": "2025-07-16T01:16:14.641082Z", "fetched_at": "2025-07-16T01:20:19.963784+00:00", "symbol": "DOGE-USD"}, {"trade_id": 139201364, "side": "sell", "size": "125.20000000", "price": "0.20056000", "time": "2025-07-16T01:16:13.639436Z", "fetched_at": "2025-07-16T01:20:19.963784+00:00", "symbol": "DOGE-USD"}, {"trade_id": 139201363, "side": "sell", "size": "5.50000000", "price": "0.20056000", "time": "2025-07-16T01:16:13.639436Z", "fetched_at": "2025-07-16T01:20:19.963784+00:00", "symbol": "DOGE-USD"}, {"trade_id": 139201362, "side": "sell", "size": "32.40000000", "price": "0.20054000", "time": "2025-07-16T01:16:13.639436Z", "fetched_at": "2025-07-16T01:20:19.963784+00:00", "symbol": "DOGE-USD"}, {"trade_id": 139201361, "side": "sell", "size": "2.40000000", "price": "0.20054000", "time": "2025-07-16T01:16:13.639436Z", "fetched_at": "2025-07-16T01:20:19.963784+00:00", "symbol": "DOGE-USD"}, {"trade_id": 139201360, "side": "sell", "size": "3.10000000", "price": "0.20054000", "time": "2025-07-16T01:16:11.019763Z", "fetched_at": "2025-07-16T01:20:19.963784+00:00", "symbol": "DOGE-USD"}, {"trade_id": 139201359, "side": "sell", "size": "16.40000000", "price": "0.20050000", "time": "2025-07-16T01:16:10.819309Z", "fetched_at": "2025-07-16T01:20:19.963784+00:00", "symbol": "DOGE-USD"}, {"trade_id": 139201358, "side": "sell", "size": "326.20000000", "price": "0.20049000", "time": "2025-07-16T01:16:09.644305Z", "fetched_at": "2025-07-16T01:20:19.963784+00:00", "symbol": "DOGE-USD"}, {"trade_id": 139201357, "side": "sell", "size": "326.20000000", "price": "0.20049000", "time": "2025-07-16T01:16:09.628732Z", "fetched_at": "2025-07-16T01:20:19.963784+00:00", "symbol": "DOGE-USD"}, {"trade_id": 139201356, "side": "sell", "size": "9.70000000", "price": "0.20050000", "time": "2025-07-16T01:16:08.372604Z", "fetched_at": "2025-07-16T01:20:19.963784+00:00", "symbol": "DOGE-USD"}, {"trade_id": 139201355, "side": "sell", "size": "320.00000000", "price": "0.20051000", "time": "2025-07-16T01:16:06.060202Z", "fetched_at": "2025-07-16T01:20:19.963784+00:00", "symbol": "DOGE-USD"}, {"trade_id": 139201354, "side": "sell", "size": "351.00000000", "price": "0.20050000", "time": "2025-07-16T01:16:06.060202Z", "fetched_at": "2025-07-16T01:20:19.963784+00:00", "symbol": "DOGE-USD"}, {"trade_id": 139201353, "side": "sell", "size": "326.20000000", "price": "0.20050000", "time": "2025-07-16T01:16:06.060202Z", "fetched_at": "2025-07-16T01:20:19.963784+00:00", "symbol": "DOGE-USD"}, {"trade_id": 139201352, "side": "sell", "size": "526.20000000", "price": "0.20053000", "time": "2025-07-16T01:16:05.998615Z", "fetched_at": "2025-07-16T01:20:19.963784+00:00", "symbol": "DOGE-USD"}, {"trade_id": 139201351, "side": "sell", "size": "500.00000000", "price": "0.20053000", "time": "2025-07-16T01:16:05.998615Z", "fetched_at": "2025-07-16T01:20:19.963784+00:00", "symbol": "DOGE-USD"}, {"trade_id": 139201350, "side": "sell", "size": "45.80000000", "price": "0.20052000", "time": "2025-07-16T01:16:05.998615Z", "fetched_at": "2025-07-16T01:20:19.963784+00:00", "symbol": "DOGE-USD"}, {"trade_id": 139201349, "side": "sell", "size": "326.20000000", "price": "0.20051000", "time": "2025-07-16T01:16:05.976466Z", "fetched_at": "2025-07-16T01:20:19.963784+00:00", "symbol": "DOGE-USD"}, {"trade_id": 139201348, "side": "sell", "size": "326.20000000", "price": "0.20052000", "time": "2025-07-16T01:16:05.956884Z", "fetched_at": "2025-07-16T01:20:19.963784+00:00", "symbol": "DOGE-USD"}, {"trade_id": 139201347, "side": "sell", "size": "12758.30000000", "price": "0.20052000", "time": "2025-07-16T01:16:05.385974Z", "fetched_at": "2025-07-16T01:20:19.963784+00:00", "symbol": "DOGE-USD"}, {"trade_id": 139201346, "side": "sell", "size": "43.40000000", "price": "0.20050000", "time": "2025-07-16T01:16:05.261062Z", "fetched_at": "2025-07-16T01:20:19.963784+00:00", "symbol": "DOGE-USD"}, {"trade_id": 139201345, "side": "sell", "size": "7.90000000", "price": "0.20049000", "time": "2025-07-16T01:16:05.250879Z", "fetched_at": "2025-07-16T01:20:19.963784+00:00", "symbol": "DOGE-USD"}, {"trade_id": 139201344, "side": "buy", "size": "5.50000000", "price": "0.20050000", "time": "2025-07-16T01:16:04.972897Z", "fetched_at": "2025-07-16T01:20:19.963784+00:00", "symbol": "DOGE-USD"}, {"trade_id": 139201343, "side": "buy", "size": "5.50000000", "price": "0.20052000", "time": "2025-07-16T01:16:04.966509Z", "fetched_at": "2025-07-16T01:20:19.963784+00:00", "symbol": "DOGE-USD"}, {"trade_id": 139201342, "side": "buy", "size": "5.50000000", "price": "0.20054000", "time": "2025-07-16T01:16:04.960222Z", "fetched_at": "2025-07-16T01:20:19.963784+00:00", "symbol": "DOGE-USD"}, {"trade_id": 139201341, "side": "buy", "size": "55.90000000", "price": "0.20056000", "time": "2025-07-16T01:16:04.762930Z", "fetched_at": "2025-07-16T01:20:19.963784+00:00", "symbol": "DOGE-USD"}, {"trade_id": 139201340, "side": "buy", "size": "4737.90000000", "price": "0.20056000", "time": "2025-07-16T01:16:04.762930Z", "fetched_at": "2025-07-16T01:20:19.963784+00:00", "symbol": "DOGE-USD"}, {"trade_id": 139201339, "side": "buy", "size": "5.50000000", "price": "0.20056000", "time": "2025-07-16T01:16:04.762930Z", "fetched_at": "2025-07-16T01:20:19.963784+00:00", "symbol": "DOGE-USD"}, {"trade_id": 139201338, "side": "sell", "size": "30.10000000", "price": "0.20062000", "time": "2025-07-16T01:16:02.182750Z", "fetched_at": "2025-07-16T01:20:19.963784+00:00", "symbol": "DOGE-USD"}, {"trade_id": 139201337, "side": "sell", "size": "5.50000000", "price": "0.20062000", "time": "2025-07-16T01:16:02.182750Z", "fetched_at": "2025-07-16T01:20:19.963784+00:00", "symbol": "DOGE-USD"}, {"trade_id": 139201336, "side": "sell", "size": "29.80000000", "price": "0.20060000", "time": "2025-07-16T01:16:02.182750Z", "fetched_at": "2025-07-16T01:20:19.963784+00:00", "symbol": "DOGE-USD"}, {"trade_id": 139201335, "side": "sell", "size": "5.50000000", "price": "0.20060000", "time": "2025-07-16T01:16:02.182750Z", "fetched_at": "2025-07-16T01:20:19.963784+00:00", "symbol": "DOGE-USD"}, {"trade_id": 139201334, "side": "sell", "size": "5.50000000", "price": "0.20058000", "time": "2025-07-16T01:15:58.852695Z", "fetched_at": "2025-07-16T01:20:19.963784+00:00", "symbol": "DOGE-USD"}, {"trade_id": 139201333, "side": "sell", "size": "23.40000000", "price": "0.20057000", "time": "2025-07-16T01:15:58.845745Z", "fetched_at": "2025-07-16T01:20:19.963784+00:00", "symbol": "DOGE-USD"}, {"trade_id": 139201332, "side": "sell", "size": "37.10000000", "price": "0.20056000", "time": "2025-07-16T01:15:57.141157Z", "fetched_at": "2025-07-16T01:20:19.963784+00:00", "symbol": "DOGE-USD"}, {"trade_id": 139201331, "side": "sell", "size": "20.90000000", "price": "0.20055000", "time": "2025-07-16T01:15:57.141157Z", "fetched_at": "2025-07-16T01:20:19.963784+00:00", "symbol": "DOGE-USD"}, {"trade_id": 139201330, "side": "sell", "size": "4.90000000", "price": "0.20058000", "time": "2025-07-16T01:15:49.872755Z", "fetched_at": "2025-07-16T01:20:19.963784+00:00", "symbol": "DOGE-USD"}, {"trade_id": 139201329, "side": "sell", "size": "54.10000000", "price": "0.20058000", "time": "2025-07-16T01:15:49.101038Z", "fetched_at": "2025-07-16T01:20:19.963784+00:00", "symbol": "DOGE-USD"}, {"trade_id": 139201328, "side": "sell", "size": "5.50000000", "price": "0.20058000", "time": "2025-07-16T01:15:49.101038Z", "fetched_at": "2025-07-16T01:20:19.963784+00:00", "symbol": "DOGE-USD"}, {"trade_id": 139201327, "side": "sell", "size": "5.50000000", "price": "0.20056000", "time": "2025-07-16T01:15:49.101038Z", "fetched_at": "2025-07-16T01:20:19.963784+00:00", "symbol": "DOGE-USD"}, {"trade_id": 139201326, "side": "sell", "size": "4845.70000000", "price": "0.20055000", "time": "2025-07-16T01:15:48.346026Z", "fetched_at": "2025-07-16T01:20:19.963784+00:00", "symbol": "DOGE-USD"}, {"trade_id": 139201325, "side": "sell", "size": "5.50000000", "price": "0.20054000", "time": "2025-07-16T01:15:48.260706Z", "fetched_at": "2025-07-16T01:20:19.963784+00:00", "symbol": "DOGE-USD"}, {"trade_id": 139201324, "side": "sell", "size": "45.80000000", "price": "0.20052000", "time": "2025-07-16T01:15:47.626896Z", "fetched_at": "2025-07-16T01:20:19.963784+00:00", "symbol": "DOGE-USD"}, {"trade_id": 139201323, "side": "sell", "size": "5.50000000", "price": "0.20052000", "time": "2025-07-16T01:15:47.626896Z", "fetched_at": "2025-07-16T01:20:19.963784+00:00", "symbol": "DOGE-USD"}, {"trade_id": 139201322, "side": "sell", "size": "17.30000000", "price": "0.20049000", "time": "2025-07-16T01:15:47.493075Z", "fetched_at": "2025-07-16T01:20:19.963784+00:00", "symbol": "DOGE-USD"}, {"trade_id": 139201321, "side": "sell", "size": "265.10000000", "price": "0.20050000", "time": "2025-07-16T01:15:45.526868Z", "fetched_at": "2025-07-16T01:20:19.963784+00:00", "symbol": "DOGE-USD"}, {"trade_id": 139201320, "side": "sell", "size": "5.50000000", "price": "0.20050000", "time": "2025-07-16T01:15:45.526868Z", "fetched_at": "2025-07-16T01:20:19.963784+00:00", "symbol": "DOGE-USD"}, {"trade_id": 139201319, "side": "sell", "size": "19.70000000", "price": "0.20049000", "time": "2025-07-16T01:15:45.526868Z", "fetched_at": "2025-07-16T01:20:19.963784+00:00", "symbol": "DOGE-USD"}, {"trade_id": 139201318, "side": "sell", "size": "57.10000000", "price": "0.20048000", "time": "2025-07-16T01:15:45.526868Z", "fetched_at": "2025-07-16T01:20:19.963784+00:00", "symbol": "DOGE-USD"}, {"trade_id": 139201317, "side": "sell", "size": "5.50000000", "price": "0.20048000", "time": "2025-07-16T01:15:45.526868Z", "fetched_at": "2025-07-16T01:20:19.963784+00:00", "symbol": "DOGE-USD"}, {"trade_id": 139201316, "side": "buy", "size": "20.10000000", "price": "0.20047000", "time": "2025-07-16T01:15:44.518032Z", "fetched_at": "2025-07-16T01:20:19.963784+00:00", "symbol": "DOGE-USD"}, {"trade_id": 139201315, "side": "sell", "size": "5.50000000", "price": "0.20046000", "time": "2025-07-16T01:15:44.004481Z", "fetched_at": "2025-07-16T01:20:19.963784+00:00", "symbol": "DOGE-USD"}, {"trade_id": 139201314, "side": "sell", "size": "17.30000000", "price": "0.20041000", "time": "2025-07-16T01:15:43.443008Z", "fetched_at": "2025-07-16T01:20:19.963784+00:00", "symbol": "DOGE-USD"}, {"trade_id": 139201313, "side": "buy", "size": "602.40000000", "price": "0.20040000", "time": "2025-07-16T01:15:42.265873Z", "fetched_at": "2025-07-16T01:20:19.963784+00:00", "symbol": "DOGE-USD"}, {"trade_id": 139201312, "side": "buy", "size": "305.00000000", "price": "0.20040000", "time": "2025-07-16T01:15:42.265873Z", "fetched_at": "2025-07-16T01:20:19.963784+00:00", "symbol": "DOGE-USD"}, {"trade_id": 139201311, "side": "buy", "size": "1145.20000000", "price": "0.20040000", "time": "2025-07-16T01:15:42.265873Z", "fetched_at": "2025-07-16T01:20:19.963784+00:00", "symbol": "DOGE-USD"}, {"trade_id": 139201310, "side": "buy", "size": "5.50000000", "price": "0.20040000", "time": "2025-07-16T01:15:42.265873Z", "fetched_at": "2025-07-16T01:20:19.963784+00:00", "symbol": "DOGE-USD"}, {"trade_id": 139201309, "side": "sell", "size": "56.10000000", "price": "0.20044000", "time": "2025-07-16T01:15:42.062201Z", "fetched_at": "2025-07-16T01:20:19.963784+00:00", "symbol": "DOGE-USD"}, {"trade_id": 139201308, "side": "sell", "size": "10.40000000", "price": "0.20043000", "time": "2025-07-16T01:15:42.062201Z", "fetched_at": "2025-07-16T01:20:19.963784+00:00", "symbol": "DOGE-USD"}, {"trade_id": 139201307, "side": "sell", "size": "39.70000000", "price": "0.20041000", "time": "2025-07-16T01:15:42.062201Z", "fetched_at": "2025-07-16T01:20:19.963784+00:00", "symbol": "DOGE-USD"}, {"trade_id": 139201306, "side": "sell", "size": "17.30000000", "price": "0.20041000", "time": "2025-07-16T01:15:42.062201Z", "fetched_at": "2025-07-16T01:20:19.963784+00:00", "symbol": "DOGE-USD"}, {"trade_id": 139201305, "side": "sell", "size": "148.10000000", "price": "0.20041000", "time": "2025-07-16T01:15:35.386129Z", "fetched_at": "2025-07-16T01:20:19.963784+00:00", "symbol": "DOGE-USD"}, {"trade_id": 139201304, "side": "buy", "size": "1338.50000000", "price": "0.20042000", "time": "2025-07-16T01:15:34.643308Z", "fetched_at": "2025-07-16T01:20:19.963784+00:00", "symbol": "DOGE-USD"}, {"trade_id": 139201303, "side": "buy", "size": "5.50000000", "price": "0.20042000", "time": "2025-07-16T01:15:34.643308Z", "fetched_at": "2025-07-16T01:20:19.963784+00:00", "symbol": "DOGE-USD"}, {"trade_id": 139201302, "side": "sell", "size": "2.90000000", "price": "0.20043000", "time": "2025-07-16T01:15:33.326322Z", "fetched_at": "2025-07-16T01:20:19.963784+00:00", "symbol": "DOGE-USD"}, {"trade_id": 139201301, "side": "sell", "size": "1178.70000000", "price": "0.20043000", "time": "2025-07-16T01:15:33.244657Z", "fetched_at": "2025-07-16T01:20:19.963784+00:00", "symbol": "DOGE-USD"}, {"trade_id": 139201300, "side": "sell", "size": "326.20000000", "price": "0.20043000", "time": "2025-07-16T01:15:33.244657Z", "fetched_at": "2025-07-16T01:20:19.963784+00:00", "symbol": "DOGE-USD"}, {"trade_id": 139201299, "side": "buy", "size": "25.00000000", "price": "0.20044000", "time": "2025-07-16T01:15:33.160745Z", "fetched_at": "2025-07-16T01:20:19.963784+00:00", "symbol": "DOGE-USD"}, {"trade_id": 139201298, "side": "buy", "size": "1643.80000000", "price": "0.20046000", "time": "2025-07-16T01:15:32.054281Z", "fetched_at": "2025-07-16T01:20:19.963784+00:00", "symbol": "DOGE-USD"}, {"trade_id": 139201297, "side": "sell", "size": "32.50000000", "price": "0.20043000", "time": "2025-07-16T01:15:28.074229Z", "fetched_at": "2025-07-16T01:20:19.963784+00:00", "symbol": "DOGE-USD"}, {"trade_id": 139201296, "side": "buy", "size": "208.10000000", "price": "0.20041000", "time": "2025-07-16T01:15:26.405255Z", "fetched_at": "2025-07-16T01:20:19.963784+00:00", "symbol": "DOGE-USD"}, {"trade_id": 139201295, "side": "buy", "size": "40.70000000", "price": "0.20038000", "time": "2025-07-16T01:15:26.142667Z", "fetched_at": "2025-07-16T01:20:19.963784+00:00", "symbol": "DOGE-USD"}, {"trade_id": 139201294, "side": "buy", "size": "5.50000000", "price": "0.20038000", "time": "2025-07-16T01:15:26.142667Z", "fetched_at": "2025-07-16T01:20:19.963784+00:00", "symbol": "DOGE-USD"}, {"trade_id": 139201293, "side": "buy", "size": "1612.00000000", "price": "0.20040000", "time": "2025-07-16T01:15:25.676775Z", "fetched_at": "2025-07-16T01:20:19.963784+00:00", "symbol": "DOGE-USD"}, {"trade_id": 139201292, "side": "buy", "size": "5.50000000", "price": "0.20040000", "time": "2025-07-16T01:15:25.676775Z", "fetched_at": "2025-07-16T01:20:19.963784+00:00", "symbol": "DOGE-USD"}, {"trade_id": 139201291, "side": "buy", "size": "1801.60000000", "price": "0.20042000", "time": "2025-07-16T01:15:24.935012Z", "fetched_at": "2025-07-16T01:20:19.963784+00:00", "symbol": "DOGE-USD"}, {"trade_id": 139201290, "side": "buy", "size": "5.50000000", "price": "0.20042000", "time": "2025-07-16T01:15:24.935012Z", "fetched_at": "2025-07-16T01:20:19.963784+00:00", "symbol": "DOGE-USD"}, {"trade_id": 139201289, "side": "sell", "size": "123.40000000", "price": "0.20043000", "time": "2025-07-16T01:15:23.548361Z", "fetched_at": "2025-07-16T01:20:19.963784+00:00", "symbol": "DOGE-USD"}, {"trade_id": 139201288, "side": "buy", "size": "4490.30000000", "price": "0.20043000", "time": "2025-07-16T01:15:23.470830Z", "fetched_at": "2025-07-16T01:20:19.963784+00:00", "symbol": "DOGE-USD"}, {"trade_id": 139201287, "side": "buy", "size": "44.50000000", "price": "0.20043000", "time": "2025-07-16T01:15:23.470830Z", "fetched_at": "2025-07-16T01:20:19.963784+00:00", "symbol": "DOGE-USD"}, {"trade_id": 139201286, "side": "buy", "size": "4890.00000000", "price": "0.20043000", "time": "2025-07-16T01:15:23.470830Z", "fetched_at": "2025-07-16T01:20:19.963784+00:00", "symbol": "DOGE-USD"}, {"trade_id": 139201285, "side": "buy", "size": "30.00000000", "price": "0.20043000", "time": "2025-07-16T01:15:23.470830Z", "fetched_at": "2025-07-16T01:20:19.963784+00:00", "symbol": "DOGE-USD"}, {"trade_id": 139201284, "side": "buy", "size": "2150.70000000", "price": "0.20044000", "time": "2025-07-16T01:15:23.466621Z", "fetched_at": "2025-07-16T01:20:19.963784+00:00", "symbol": "DOGE-USD"}, {"trade_id": 139201283, "side": "buy", "size": "5.50000000", "price": "0.20044000", "time": "2025-07-16T01:15:23.466621Z", "fetched_at": "2025-07-16T01:20:19.963784+00:00", "symbol": "DOGE-USD"}, {"trade_id": 139201282, "side": "sell", "size": "521.40000000", "price": "0.20048000", "time": "2025-07-16T01:15:22.302200Z", "fetched_at": "2025-07-16T01:20:19.963784+00:00", "symbol": "DOGE-USD"}, {"trade_id": 139201281, "side": "sell", "size": "1590.60000000", "price": "0.20048000", "time": "2025-07-16T01:15:22.302200Z", "fetched_at": "2025-07-16T01:20:19.963784+00:00", "symbol": "DOGE-USD"}, {"trade_id": 139201280, "side": "sell", "size": "28.60000000", "price": "0.20048000", "time": "2025-07-16T01:15:22.266956Z", "fetched_at": "2025-07-16T01:20:19.963784+00:00", "symbol": "DOGE-USD"}, {"trade_id": 139201279, "side": "sell", "size": "293.30000000", "price": "0.20047000", "time": "2025-07-16T01:15:22.249684Z", "fetched_at": "2025-07-16T01:20:19.963784+00:00", "symbol": "DOGE-USD"}, {"trade_id": 139201278, "side": "sell", "size": "32.90000000", "price": "0.20047000", "time": "2025-07-16T01:15:22.202672Z", "fetched_at": "2025-07-16T01:20:19.963784+00:00", "symbol": "DOGE-USD"}, {"trade_id": 139201277, "side": "sell", "size": "32.90000000", "price": "0.20048000", "time": "2025-07-16T01:15:22.186427Z", "fetched_at": "2025-07-16T01:20:19.963784+00:00", "symbol": "DOGE-USD"}, {"trade_id": 139201276, "side": "sell", "size": "32.90000000", "price": "0.20048000", "time": "2025-07-16T01:15:22.169191Z", "fetched_at": "2025-07-16T01:20:19.963784+00:00", "symbol": "DOGE-USD"}, {"trade_id": 139201275, "side": "buy", "size": "34.30000000", "price": "0.20045000", "time": "2025-07-16T01:15:22.089536Z", "fetched_at": "2025-07-16T01:20:19.963784+00:00", "symbol": "DOGE-USD"}, {"trade_id": 139201274, "side": "buy", "size": "5.50000000", "price": "0.20046000", "time": "2025-07-16T01:15:22.089536Z", "fetched_at": "2025-07-16T01:20:19.963784+00:00", "symbol": "DOGE-USD"}, {"trade_id": 139201273, "side": "buy", "size": "5.50000000", "price": "0.20048000", "time": "2025-07-16T01:15:22.089536Z", "fetched_at": "2025-07-16T01:20:19.963784+00:00", "symbol": "DOGE-USD"}, {"trade_id": 139201272, "side": "buy", "size": "5.50000000", "price": "0.20050000", "time": "2025-07-16T01:15:21.246859Z", "fetched_at": "2025-07-16T01:20:19.963784+00:00", "symbol": "DOGE-USD"}, {"trade_id": 139201271, "side": "buy", "size": "2926.10000000", "price": "0.20052000", "time": "2025-07-16T01:15:21.028879Z", "fetched_at": "2025-07-16T01:20:19.963784+00:00", "symbol": "DOGE-USD"}, {"trade_id": 139201270, "side": "buy", "size": "5.50000000", "price": "0.20052000", "time": "2025-07-16T01:15:21.028879Z", "fetched_at": "2025-07-16T01:20:19.963784+00:00", "symbol": "DOGE-USD"}, {"trade_id": 139201269, "side": "buy", "size": "3269.10000000", "price": "0.20054000", "time": "2025-07-16T01:15:19.885992Z", "fetched_at": "2025-07-16T01:20:19.963784+00:00", "symbol": "DOGE-USD"}, {"trade_id": 139201268, "side": "buy", "size": "5.50000000", "price": "0.20054000", "time": "2025-07-16T01:15:19.885992Z", "fetched_at": "2025-07-16T01:20:19.963784+00:00", "symbol": "DOGE-USD"}, {"trade_id": 139201267, "side": "buy", "size": "3865.60000000", "price": "0.20056000", "time": "2025-07-16T01:15:19.625865Z", "fetched_at": "2025-07-16T01:20:19.963784+00:00", "symbol": "DOGE-USD"}