[{"trade_id": 139196367, "side": "sell", "size": "0.40000000", "price": "0.20173000", "time": "2025-07-16T00:39:26.244691Z", "fetched_at": "2025-07-16T00:39:32.804314+00:00", "symbol": "DOGE-USD"}, {"trade_id": 139196366, "side": "sell", "size": "174.80000000", "price": "0.20177000", "time": "2025-07-16T00:39:24.164463Z", "fetched_at": "2025-07-16T00:39:32.804314+00:00", "symbol": "DOGE-USD"}, {"trade_id": 139196365, "side": "sell", "size": "145.70000000", "price": "0.20177000", "time": "2025-07-16T00:39:24.164463Z", "fetched_at": "2025-07-16T00:39:32.804314+00:00", "symbol": "DOGE-USD"}, {"trade_id": 139196364, "side": "sell", "size": "1593.00000000", "price": "0.20176000", "time": "2025-07-16T00:39:24.164463Z", "fetched_at": "2025-07-16T00:39:32.804314+00:00", "symbol": "DOGE-USD"}, {"trade_id": 139196363, "side": "sell", "size": "7.90000000", "price": "0.20175000", "time": "2025-07-16T00:39:24.164463Z", "fetched_at": "2025-07-16T00:39:32.804314+00:00", "symbol": "DOGE-USD"}, {"trade_id": 139196362, "side": "sell", "size": "5.50000000", "price": "0.20174000", "time": "2025-07-16T00:39:24.164463Z", "fetched_at": "2025-07-16T00:39:32.804314+00:00", "symbol": "DOGE-USD"}, {"trade_id": 139196361, "side": "sell", "size": "47.90000000", "price": "0.20170000", "time": "2025-07-16T00:39:22.894079Z", "fetched_at": "2025-07-16T00:39:32.804314+00:00", "symbol": "DOGE-USD"}, {"trade_id": 139196360, "side": "sell", "size": "178.70000000", "price": "0.20173000", "time": "2025-07-16T00:39:21.864601Z", "fetched_at": "2025-07-16T00:39:32.804314+00:00", "symbol": "DOGE-USD"}, {"trade_id": 139196359, "side": "sell", "size": "1381.70000000", "price": "0.20173000", "time": "2025-07-16T00:39:20.574925Z", "fetched_at": "2025-07-16T00:39:32.804314+00:00", "symbol": "DOGE-USD"}, {"trade_id": 139196358, "side": "sell", "size": "1634.40000000", "price": "0.20170000", "time": "2025-07-16T00:39:20.574925Z", "fetched_at": "2025-07-16T00:39:32.804314+00:00", "symbol": "DOGE-USD"}, {"trade_id": 139196357, "side": "sell", "size": "1639.60000000", "price": "0.20169000", "time": "2025-07-16T00:39:20.574925Z", "fetched_at": "2025-07-16T00:39:32.804314+00:00", "symbol": "DOGE-USD"}, {"trade_id": 139196356, "side": "sell", "size": "347.20000000", "price": "0.20169000", "time": "2025-07-16T00:39:20.574925Z", "fetched_at": "2025-07-16T00:39:32.804314+00:00", "symbol": "DOGE-USD"}, {"trade_id": 139196355, "side": "sell", "size": "370.30000000", "price": "0.20169000", "time": "2025-07-16T00:39:20.574925Z", "fetched_at": "2025-07-16T00:39:32.804314+00:00", "symbol": "DOGE-USD"}, {"trade_id": 139196354, "side": "sell", "size": "441.30000000", "price": "0.20172000", "time": "2025-07-16T00:39:19.330528Z", "fetched_at": "2025-07-16T00:39:32.804314+00:00", "symbol": "DOGE-USD"}, {"trade_id": 139196353, "side": "sell", "size": "861.70000000", "price": "0.20172000", "time": "2025-07-16T00:39:19.330528Z", "fetched_at": "2025-07-16T00:39:32.804314+00:00", "symbol": "DOGE-USD"}, {"trade_id": 139196352, "side": "sell", "size": "1473.50000000", "price": "0.20170000", "time": "2025-07-16T00:39:19.330528Z", "fetched_at": "2025-07-16T00:39:32.804314+00:00", "symbol": "DOGE-USD"}, {"trade_id": 139196351, "side": "sell", "size": "251.50000000", "price": "0.20168000", "time": "2025-07-16T00:39:19.330528Z", "fetched_at": "2025-07-16T00:39:32.804314+00:00", "symbol": "DOGE-USD"}, {"trade_id": 139196350, "side": "buy", "size": "326.20000000", "price": "0.20168000", "time": "2025-07-16T00:39:19.282831Z", "fetched_at": "2025-07-16T00:39:32.804314+00:00", "symbol": "DOGE-USD"}, {"trade_id": 139196349, "side": "buy", "size": "405.90000000", "price": "0.20168000", "time": "2025-07-16T00:39:19.282831Z", "fetched_at": "2025-07-16T00:39:32.804314+00:00", "symbol": "DOGE-USD"}, {"trade_id": 139196348, "side": "buy", "size": "20.30000000", "price": "0.20168000", "time": "2025-07-16T00:39:19.282831Z", "fetched_at": "2025-07-16T00:39:32.804314+00:00", "symbol": "DOGE-USD"}, {"trade_id": 139196347, "side": "buy", "size": "5.50000000", "price": "0.20168000", "time": "2025-07-16T00:39:19.282831Z", "fetched_at": "2025-07-16T00:39:32.804314+00:00", "symbol": "DOGE-USD"}, {"trade_id": 139196346, "side": "buy", "size": "123.90000000", "price": "0.20170000", "time": "2025-07-16T00:39:18.592210Z", "fetched_at": "2025-07-16T00:39:32.804314+00:00", "symbol": "DOGE-USD"}, {"trade_id": 139196345, "side": "buy", "size": "1586.30000000", "price": "0.20171000", "time": "2025-07-16T00:39:18.588364Z", "fetched_at": "2025-07-16T00:39:32.804314+00:00", "symbol": "DOGE-USD"}, {"trade_id": 139196344, "side": "buy", "size": "1586.30000000", "price": "0.20171000", "time": "2025-07-16T00:39:18.588364Z", "fetched_at": "2025-07-16T00:39:32.804314+00:00", "symbol": "DOGE-USD"}, {"trade_id": 139196343, "side": "buy", "size": "6713.30000000", "price": "0.20171000", "time": "2025-07-16T00:39:18.588364Z", "fetched_at": "2025-07-16T00:39:32.804314+00:00", "symbol": "DOGE-USD"}, {"trade_id": 139196342, "side": "buy", "size": "25.60000000", "price": "0.20172000", "time": "2025-07-16T00:39:18.588364Z", "fetched_at": "2025-07-16T00:39:32.804314+00:00", "symbol": "DOGE-USD"}, {"trade_id": 139196341, "side": "sell", "size": "15.10000000", "price": "0.20174000", "time": "2025-07-16T00:39:16.159618Z", "fetched_at": "2025-07-16T00:39:32.804314+00:00", "symbol": "DOGE-USD"}, {"trade_id": 139196340, "side": "sell", "size": "9992.60000000", "price": "0.20176000", "time": "2025-07-16T00:39:09.581434Z", "fetched_at": "2025-07-16T00:39:32.804314+00:00", "symbol": "DOGE-USD"}, {"trade_id": 139196339, "side": "sell", "size": "5051.00000000", "price": "0.20176000", "time": "2025-07-16T00:39:09.581434Z", "fetched_at": "2025-07-16T00:39:32.804314+00:00", "symbol": "DOGE-USD"}, {"trade_id": 139196338, "side": "sell", "size": "5.50000000", "price": "0.20176000", "time": "2025-07-16T00:39:09.581434Z", "fetched_at": "2025-07-16T00:39:32.804314+00:00", "symbol": "DOGE-USD"}, {"trade_id": 139196337, "side": "sell", "size": "252.50000000", "price": "0.20176000", "time": "2025-07-16T00:39:09.581434Z", "fetched_at": "2025-07-16T00:39:32.804314+00:00", "symbol": "DOGE-USD"}, {"trade_id": 139196336, "side": "sell", "size": "219.30000000", "price": "0.20176000", "time": "2025-07-16T00:39:09.581434Z", "fetched_at": "2025-07-16T00:39:32.804314+00:00", "symbol": "DOGE-USD"}, {"trade_id": 139196335, "side": "sell", "size": "11127.90000000", "price": "0.20175000", "time": "2025-07-16T00:39:09.581434Z", "fetched_at": "2025-07-16T00:39:32.804314+00:00", "symbol": "DOGE-USD"}, {"trade_id": 139196334, "side": "sell", "size": "1311.20000000", "price": "0.20175000", "time": "2025-07-16T00:39:09.581434Z", "fetched_at": "2025-07-16T00:39:32.804314+00:00", "symbol": "DOGE-USD"}, {"trade_id": 139196333, "side": "sell", "size": "1812.80000000", "price": "0.20175000", "time": "2025-07-16T00:39:09.581434Z", "fetched_at": "2025-07-16T00:39:32.804314+00:00", "symbol": "DOGE-USD"}, {"trade_id": 139196332, "side": "sell", "size": "1429.60000000", "price": "0.20175000", "time": "2025-07-16T00:39:09.581434Z", "fetched_at": "2025-07-16T00:39:32.804314+00:00", "symbol": "DOGE-USD"}, {"trade_id": 139196331, "side": "sell", "size": "6367.00000000", "price": "0.20175000", "time": "2025-07-16T00:39:09.581434Z", "fetched_at": "2025-07-16T00:39:32.804314+00:00", "symbol": "DOGE-USD"}, {"trade_id": 139196330, "side": "sell", "size": "6391.30000000", "price": "0.20175000", "time": "2025-07-16T00:39:09.581434Z", "fetched_at": "2025-07-16T00:39:32.804314+00:00", "symbol": "DOGE-USD"}, {"trade_id": 139196329, "side": "sell", "size": "2921.60000000", "price": "0.20175000", "time": "2025-07-16T00:39:09.581434Z", "fetched_at": "2025-07-16T00:39:32.804314+00:00", "symbol": "DOGE-USD"}, {"trade_id": 139196328, "side": "sell", "size": "6827.10000000", "price": "0.20175000", "time": "2025-07-16T00:39:09.581434Z", "fetched_at": "2025-07-16T00:39:32.804314+00:00", "symbol": "DOGE-USD"}, {"trade_id": 139196327, "side": "sell", "size": "3485.90000000", "price": "0.20174000", "time": "2025-07-16T00:39:09.581434Z", "fetched_at": "2025-07-16T00:39:32.804314+00:00", "symbol": "DOGE-USD"}, {"trade_id": 139196326, "side": "sell", "size": "2675.10000000", "price": "0.20174000", "time": "2025-07-16T00:39:09.581434Z", "fetched_at": "2025-07-16T00:39:32.804314+00:00", "symbol": "DOGE-USD"}, {"trade_id": 139196325, "side": "sell", "size": "2133.80000000", "price": "0.20174000", "time": "2025-07-16T00:39:09.581434Z", "fetched_at": "2025-07-16T00:39:32.804314+00:00", "symbol": "DOGE-USD"}, {"trade_id": 139196324, "side": "sell", "size": "5.50000000", "price": "0.20174000", "time": "2025-07-16T00:39:09.581434Z", "fetched_at": "2025-07-16T00:39:32.804314+00:00", "symbol": "DOGE-USD"}, {"trade_id": 139196323, "side": "sell", "size": "4096.30000000", "price": "0.20174000", "time": "2025-07-16T00:39:09.581434Z", "fetched_at": "2025-07-16T00:39:32.804314+00:00", "symbol": "DOGE-USD"}, {"trade_id": 139196322, "side": "sell", "size": "1593.00000000", "price": "0.20174000", "time": "2025-07-16T00:39:09.581434Z", "fetched_at": "2025-07-16T00:39:32.804314+00:00", "symbol": "DOGE-USD"}, {"trade_id": 139196321, "side": "sell", "size": "1005.70000000", "price": "0.20174000", "time": "2025-07-16T00:39:09.581434Z", "fetched_at": "2025-07-16T00:39:32.804314+00:00", "symbol": "DOGE-USD"}, {"trade_id": 139196320, "side": "sell", "size": "861.70000000", "price": "0.20173000", "time": "2025-07-16T00:39:09.581434Z", "fetched_at": "2025-07-16T00:39:32.804314+00:00", "symbol": "DOGE-USD"}, {"trade_id": 139196319, "side": "sell", "size": "6780.10000000", "price": "0.20173000", "time": "2025-07-16T00:39:09.581434Z", "fetched_at": "2025-07-16T00:39:32.804314+00:00", "symbol": "DOGE-USD"}, {"trade_id": 139196318, "side": "sell", "size": "4711.30000000", "price": "0.20173000", "time": "2025-07-16T00:39:09.581434Z", "fetched_at": "2025-07-16T00:39:32.804314+00:00", "symbol": "DOGE-USD"}, {"trade_id": 139196317, "side": "sell", "size": "4731.90000000", "price": "0.20173000", "time": "2025-07-16T00:39:09.581434Z", "fetched_at": "2025-07-16T00:39:32.804314+00:00", "symbol": "DOGE-USD"}, {"trade_id": 139196316, "side": "sell", "size": "2199.50000000", "price": "0.20173000", "time": "2025-07-16T00:39:09.581434Z", "fetched_at": "2025-07-16T00:39:32.804314+00:00", "symbol": "DOGE-USD"}, {"trade_id": 139196315, "side": "sell", "size": "1946.50000000", "price": "0.20173000", "time": "2025-07-16T00:39:09.581434Z", "fetched_at": "2025-07-16T00:39:32.804314+00:00", "symbol": "DOGE-USD"}, {"trade_id": 139196314, "side": "sell", "size": "55.60000000", "price": "0.20172000", "time": "2025-07-16T00:39:09.581434Z", "fetched_at": "2025-07-16T00:39:32.804314+00:00", "symbol": "DOGE-USD"}, {"trade_id": 139196313, "side": "sell", "size": "5.50000000", "price": "0.20172000", "time": "2025-07-16T00:39:09.581434Z", "fetched_at": "2025-07-16T00:39:32.804314+00:00", "symbol": "DOGE-USD"}, {"trade_id": 139196312, "side": "sell", "size": "758.50000000", "price": "0.20172000", "time": "2025-07-16T00:39:09.581434Z", "fetched_at": "2025-07-16T00:39:32.804314+00:00", "symbol": "DOGE-USD"}, {"trade_id": 139196311, "side": "sell", "size": "0.10000000", "price": "0.20172000", "time": "2025-07-16T00:39:09.581434Z", "fetched_at": "2025-07-16T00:39:32.804314+00:00", "symbol": "DOGE-USD"}, {"trade_id": 139196310, "side": "sell", "size": "0.10000000", "price": "0.20172000", "time": "2025-07-16T00:39:09.581434Z", "fetched_at": "2025-07-16T00:39:32.804314+00:00", "symbol": "DOGE-USD"}, {"trade_id": 139196309, "side": "sell", "size": "1574.50000000", "price": "0.20171000", "time": "2025-07-16T00:39:09.581434Z", "fetched_at": "2025-07-16T00:39:32.804314+00:00", "symbol": "DOGE-USD"}, {"trade_id": 139196308, "side": "sell", "size": "1133.80000000", "price": "0.20171000", "time": "2025-07-16T00:39:09.581434Z", "fetched_at": "2025-07-16T00:39:32.804314+00:00", "symbol": "DOGE-USD"}, {"trade_id": 139196307, "side": "sell", "size": "4967.20000000", "price": "0.20170000", "time": "2025-07-16T00:39:09.581434Z", "fetched_at": "2025-07-16T00:39:32.804314+00:00", "symbol": "DOGE-USD"}, {"trade_id": 139196306, "side": "sell", "size": "5.50000000", "price": "0.20170000", "time": "2025-07-16T00:39:09.581434Z", "fetched_at": "2025-07-16T00:39:32.804314+00:00", "symbol": "DOGE-USD"}, {"trade_id": 139196305, "side": "sell", "size": "99.10000000", "price": "0.20169000", "time": "2025-07-16T00:39:09.581434Z", "fetched_at": "2025-07-16T00:39:32.804314+00:00", "symbol": "DOGE-USD"}, {"trade_id": 139196304, "side": "sell", "size": "0.30000000", "price": "0.20169000", "time": "2025-07-16T00:39:09.581434Z", "fetched_at": "2025-07-16T00:39:32.804314+00:00", "symbol": "DOGE-USD"}, {"trade_id": 139196303, "side": "sell", "size": "1444.00000000", "price": "0.20169000", "time": "2025-07-16T00:39:09.581434Z", "fetched_at": "2025-07-16T00:39:32.804314+00:00", "symbol": "DOGE-USD"}, {"trade_id": 139196302, "side": "sell", "size": "5.50000000", "price": "0.20168000", "time": "2025-07-16T00:39:09.581434Z", "fetched_at": "2025-07-16T00:39:32.804314+00:00", "symbol": "DOGE-USD"}, {"trade_id": 139196301, "side": "sell", "size": "5.50000000", "price": "0.20166000", "time": "2025-07-16T00:39:09.419399Z", "fetched_at": "2025-07-16T00:39:32.804314+00:00", "symbol": "DOGE-USD"}, {"trade_id": 139196300, "side": "sell", "size": "341.70000000", "price": "0.20164000", "time": "2025-07-16T00:39:09.168243Z", "fetched_at": "2025-07-16T00:39:32.804314+00:00", "symbol": "DOGE-USD"}, {"trade_id": 139196299, "side": "sell", "size": "5.50000000", "price": "0.20164000", "time": "2025-07-16T00:39:09.168243Z", "fetched_at": "2025-07-16T00:39:32.804314+00:00", "symbol": "DOGE-USD"}, {"trade_id": 139196298, "side": "buy", "size": "12.60000000", "price": "0.20162000", "time": "2025-07-16T00:39:07.410447Z", "fetched_at": "2025-07-16T00:39:32.804314+00:00", "symbol": "DOGE-USD"}, {"trade_id": 139196297, "side": "sell", "size": "1400.70000000", "price": "0.20164000", "time": "2025-07-16T00:39:05.513740Z", "fetched_at": "2025-07-16T00:39:32.804314+00:00", "symbol": "DOGE-USD"}, {"trade_id": 139196296, "side": "sell", "size": "5.50000000", "price": "0.20164000", "time": "2025-07-16T00:39:05.513740Z", "fetched_at": "2025-07-16T00:39:32.804314+00:00", "symbol": "DOGE-USD"}, {"trade_id": 139196295, "side": "sell", "size": "0.10000000", "price": "0.20164000", "time": "2025-07-16T00:39:05.513740Z", "fetched_at": "2025-07-16T00:39:32.804314+00:00", "symbol": "DOGE-USD"}, {"trade_id": 139196294, "side": "sell", "size": "1630.80000000", "price": "0.20163000", "time": "2025-07-16T00:39:05.513740Z", "fetched_at": "2025-07-16T00:39:32.804314+00:00", "symbol": "DOGE-USD"}, {"trade_id": 139196293, "side": "sell", "size": "178.30000000", "price": "0.20163000", "time": "2025-07-16T00:39:05.513740Z", "fetched_at": "2025-07-16T00:39:32.804314+00:00", "symbol": "DOGE-USD"}, {"trade_id": 139196292, "side": "sell", "size": "5.50000000", "price": "0.20162000", "time": "2025-07-16T00:39:05.513740Z", "fetched_at": "2025-07-16T00:39:32.804314+00:00", "symbol": "DOGE-USD"}, {"trade_id": 139196291, "side": "sell", "size": "606.60000000", "price": "0.20162000", "time": "2025-07-16T00:39:05.513740Z", "fetched_at": "2025-07-16T00:39:32.804314+00:00", "symbol": "DOGE-USD"}, {"trade_id": 139196290, "side": "sell", "size": "12.00000000", "price": "0.20162000", "time": "2025-07-16T00:39:05.513740Z", "fetched_at": "2025-07-16T00:39:32.804314+00:00", "symbol": "DOGE-USD"}, {"trade_id": 139196289, "side": "sell", "size": "6.00000000", "price": "0.20162000", "time": "2025-07-16T00:39:05.513740Z", "fetched_at": "2025-07-16T00:39:32.804314+00:00", "symbol": "DOGE-USD"}, {"trade_id": 139196288, "side": "sell", "size": "6.00000000", "price": "0.20161000", "time": "2025-07-16T00:39:05.513740Z", "fetched_at": "2025-07-16T00:39:32.804314+00:00", "symbol": "DOGE-USD"}, {"trade_id": 139196287, "side": "sell", "size": "5.50000000", "price": "0.20160000", "time": "2025-07-16T00:39:05.513740Z", "fetched_at": "2025-07-16T00:39:32.804314+00:00", "symbol": "DOGE-USD"}, {"trade_id": 139196286, "side": "buy", "size": "577.50000000", "price": "0.20157000", "time": "2025-07-16T00:39:05.350575Z", "fetched_at": "2025-07-16T00:39:32.804314+00:00", "symbol": "DOGE-USD"}, {"trade_id": 139196285, "side": "buy", "size": "405.90000000", "price": "0.20158000", "time": "2025-07-16T00:39:05.350575Z", "fetched_at": "2025-07-16T00:39:32.804314+00:00", "symbol": "DOGE-USD"}, {"trade_id": 139196284, "side": "buy", "size": "16.80000000", "price": "0.20159000", "time": "2025-07-16T00:39:05.350575Z", "fetched_at": "2025-07-16T00:39:32.804314+00:00", "symbol": "DOGE-USD"}, {"trade_id": 139196283, "side": "sell", "size": "10.00000000", "price": "0.20159000", "time": "2025-07-16T00:39:02.465850Z", "fetched_at": "2025-07-16T00:39:32.804314+00:00", "symbol": "DOGE-USD"}, {"trade_id": 139196282, "side": "sell", "size": "5.50000000", "price": "0.20158000", "time": "2025-07-16T00:39:02.465850Z", "fetched_at": "2025-07-16T00:39:32.804314+00:00", "symbol": "DOGE-USD"}, {"trade_id": 139196281, "side": "sell", "size": "26.80000000", "price": "0.20158000", "time": "2025-07-16T00:39:02.465850Z", "fetched_at": "2025-07-16T00:39:32.804314+00:00", "symbol": "DOGE-USD"}, {"trade_id": 139196280, "side": "sell", "size": "6.80000000", "price": "0.20157000", "time": "2025-07-16T00:39:02.465850Z", "fetched_at": "2025-07-16T00:39:32.804314+00:00", "symbol": "DOGE-USD"}, {"trade_id": 139196279, "side": "buy", "size": "3.70000000", "price": "0.20155000", "time": "2025-07-16T00:39:01.884491Z", "fetched_at": "2025-07-16T00:39:32.804314+00:00", "symbol": "DOGE-USD"}, {"trade_id": 139196278, "side": "buy", "size": "808.10000000", "price": "0.20152000", "time": "2025-07-16T00:38:57.686360Z", "fetched_at": "2025-07-16T00:39:32.804314+00:00", "symbol": "DOGE-USD"}, {"trade_id": 139196277, "side": "buy", "size": "16.60000000", "price": "0.20153000", "time": "2025-07-16T00:38:57.686360Z", "fetched_at": "2025-07-16T00:39:32.804314+00:00", "symbol": "DOGE-USD"}, {"trade_id": 139196276, "side": "sell", "size": "114.00000000", "price": "0.20154000", "time": "2025-07-16T00:38:57.545029Z", "fetched_at": "2025-07-16T00:39:32.804314+00:00", "symbol": "DOGE-USD"}, {"trade_id": 139196275, "side": "buy", "size": "76.50000000", "price": "0.20153000", "time": "2025-07-16T00:38:57.460381Z", "fetched_at": "2025-07-16T00:39:32.804314+00:00", "symbol": "DOGE-USD"}, {"trade_id": 139196274, "side": "buy", "size": "13.80000000", "price": "0.20154000", "time": "2025-07-16T00:38:57.460381Z", "fetched_at": "2025-07-16T00:39:32.804314+00:00", "symbol": "DOGE-USD"}, {"trade_id": 139196273, "side": "buy", "size": "405.90000000", "price": "0.20155000", "time": "2025-07-16T00:38:57.460381Z", "fetched_at": "2025-07-16T00:39:32.804314+00:00", "symbol": "DOGE-USD"}, {"trade_id": 139196272, "side": "sell", "size": "254.10000000", "price": "0.20156000", "time": "2025-07-16T00:38:55.957507Z", "fetched_at": "2025-07-16T00:39:32.804314+00:00", "symbol": "DOGE-USD"}, {"trade_id": 139196271, "side": "sell", "size": "5.50000000", "price": "0.20156000", "time": "2025-07-16T00:38:55.957507Z", "fetched_at": "2025-07-16T00:39:32.804314+00:00", "symbol": "DOGE-USD"}, {"trade_id": 139196270, "side": "sell", "size": "22.40000000", "price": "0.20156000", "time": "2025-07-16T00:38:55.957507Z", "fetched_at": "2025-07-16T00:39:32.804314+00:00", "symbol": "DOGE-USD"}, {"trade_id": 139196269, "side": "sell", "size": "0.20000000", "price": "0.20155000", "time": "2025-07-16T00:38:55.957507Z", "fetched_at": "2025-07-16T00:39:32.804314+00:00", "symbol": "DOGE-USD"}, {"trade_id": 139196268, "side": "sell", "size": "5.50000000", "price": "0.20154000", "time": "2025-07-16T00:38:55.957507Z", "fetched_at": "2025-07-16T00:39:32.804314+00:00", "symbol": "DOGE-USD"}, {"trade_id": 139196267, "side": "sell", "size": "115.50000000", "price": "0.20154000", "time": "2025-07-16T00:38:55.957507Z", "fetched_at": "2025-07-16T00:39:32.804314+00:00", "symbol": "DOGE-USD"}, {"trade_id": 139196266, "side": "buy", "size": "7.80000000", "price": "0.20150000", "time": "2025-07-16T00:38:55.573863Z", "fetched_at": "2025-07-16T00:39:32.804314+00:00", "symbol": "DOGE-USD"}, {"trade_id": 139196265, "side": "buy", "size": "17.50000000", "price": "0.20151000", "time": "2025-07-16T00:38:55.573863Z", "fetched_at": "2025-07-16T00:39:32.804314+00:00", "symbol": "DOGE-USD"}, {"trade_id": 139196264, "side": "buy", "size": "84.50000000", "price": "0.20149000", "time": "2025-07-16T00:38:55.371289Z", "fetched_at": "2025-07-16T00:39:32.804314+00:00", "symbol": "DOGE-USD"}, {"trade_id": 139196263, "side": "buy", "size": "862.40000000", "price": "0.20151000", "time": "2025-07-16T00:38:55.371289Z", "fetched_at": "2025-07-16T00:39:32.804314+00:00", "symbol": "DOGE-USD"}, {"trade_id": 139196262, "side": "buy", "size": "1390.20000000", "price": "0.20151000", "time": "2025-07-16T00:38:55.371289Z", "fetched_at": "2025-07-16T00:39:32.804314+00:00", "symbol": "DOGE-USD"}, {"trade_id": 139196261, "side": "buy", "size": "18.10000000", "price": "0.20152000", "time": "2025-07-16T00:38:55.371289Z", "fetched_at": "2025-07-16T00:39:32.804314+00:00", "symbol": "DOGE-USD"}, {"trade_id": 139196260, "side": "buy", "size": "24.70000000", "price": "0.20151000", "time": "2025-07-16T00:38:54.978962Z", "fetched_at": "2025-07-16T00:39:32.804314+00:00", "symbol": "DOGE-USD"}, {"trade_id": 139196259, "side": "buy", "size": "17.30000000", "price": "0.20152000", "time": "2025-07-16T00:38:54.978962Z", "fetched_at": "2025-07-16T00:39:32.804314+00:00", "symbol": "DOGE-USD"}, {"trade_id": 139196258, "side": "sell", "size": "190.20000000", "price": "0.20153000", "time": "2025-07-16T00:38:54.110410Z", "fetched_at": "2025-07-16T00:39:32.804314+00:00", "symbol": "DOGE-USD"}, {"trade_id": 139196257, "side": "sell", "size": "1598.10000000", "price": "0.20153000", "time": "2025-07-16T00:38:54.110410Z", "fetched_at": "2025-07-16T00:39:32.804314+00:00", "symbol": "DOGE-USD"}, {"trade_id": 139196256, "side": "sell", "size": "5.50000000", "price": "0.20152000", "time": "2025-07-16T00:38:54.110410Z", "fetched_at": "2025-07-16T00:39:32.804314+00:00", "symbol": "DOGE-USD"}, {"trade_id": 139196255, "side": "sell", "size": "2367.60000000", "price": "0.20152000", "time": "2025-07-16T00:38:54.110410Z", "fetched_at": "2025-07-16T00:39:32.804314+00:00", "symbol": "DOGE-USD"}, {"trade_id": 139196254, "side": "sell", "size": "700.00000000", "price": "0.20150000", "time": "2025-07-16T00:38:54.110410Z", "fetched_at": "2025-07-16T00:39:32.804314+00:00", "symbol": "DOGE-USD"}, {"trade_id": 139196253, "side": "sell", "size": "1655.10000000", "price": "0.20150000", "time": "2025-07-16T00:38:54.110410Z", "fetched_at": "2025-07-16T00:39:32.804314+00:00", "symbol": "DOGE-USD"}, {"trade_id": 139196252, "side": "sell", "size": "347.20000000", "price": "0.20150000", "time": "2025-07-16T00:38:54.110410Z", "fetched_at": "2025-07-16T00:39:32.804314+00:00", "symbol": "DOGE-USD"}, {"trade_id": 139196251, "side": "sell", "size": "370.30000000", "price": "0.20150000", "time": "2025-07-16T00:38:54.110410Z", "fetched_at": "2025-07-16T00:39:32.804314+00:00", "symbol": "DOGE-USD"}, {"trade_id": 139196250, "side": "sell", "size": "1367.30000000", "price": "0.20149000", "time": "2025-07-16T00:38:53.983864Z", "fetched_at": "2025-07-16T00:39:32.804314+00:00", "symbol": "DOGE-USD"}, {"trade_id": 139196249, "side": "buy", "size": "732.60000000", "price": "0.20146000", "time": "2025-07-16T00:38:53.780622Z", "fetched_at": "2025-07-16T00:39:32.804314+00:00", "symbol": "DOGE-USD"}, {"trade_id": 139196248, "side": "buy", "size": "700.00000000", "price": "0.20147000", "time": "2025-07-16T00:38:53.780622Z", "fetched_at": "2025-07-16T00:39:32.804314+00:00", "symbol": "DOGE-USD"}, {"trade_id": 139196247, "side": "buy", "size": "17.20000000", "price": "0.20148000", "time": "2025-07-16T00:38:53.780622Z", "fetched_at": "2025-07-16T00:39:32.804314+00:00", "symbol": "DOGE-USD"}, {"trade_id": 139196246, "side": "sell", "size": "14.60000000", "price": "0.20148000", "time": "2025-07-16T00:38:53.303297Z", "fetched_at": "2025-07-16T00:39:32.804314+00:00", "symbol": "DOGE-USD"}, {"trade_id": 139196245, "side": "sell", "size": "5.50000000", "price": "0.20150000", "time": "2025-07-16T00:38:51.223864Z", "fetched_at": "2025-07-16T00:39:32.804314+00:00", "symbol": "DOGE-USD"}, {"trade_id": 139196244, "side": "sell", "size": "657.00000000", "price": "0.20150000", "time": "2025-07-16T00:38:51.223864Z", "fetched_at": "2025-07-16T00:39:32.804314+00:00", "symbol": "DOGE-USD"}, {"trade_id": 139196243, "side": "sell", "size": "497.00000000", "price": "0.20150000", "time": "2025-07-16T00:38:51.223864Z", "fetched_at": "2025-07-16T00:39:32.804314+00:00", "symbol": "DOGE-USD"}, {"trade_id": 139196242, "side": "sell", "size": "170.50000000", "price": "0.20148000", "time": "2025-07-16T00:38:46.552353Z", "fetched_at": "2025-07-16T00:39:32.804314+00:00", "symbol": "DOGE-USD"}, {"trade_id": 139196241, "side": "sell", "size": "245.70000000", "price": "0.20147000", "time": "2025-07-16T00:38:44.758190Z", "fetched_at": "2025-07-16T00:39:32.804314+00:00", "symbol": "DOGE-USD"}, {"trade_id": 139196240, "side": "sell", "size": "117.70000000", "price": "0.20145000", "time": "2025-07-16T00:38:44.422374Z", "fetched_at": "2025-07-16T00:39:32.804314+00:00", "symbol": "DOGE-USD"}, {"trade_id": 139196239, "side": "sell", "size": "1200.70000000", "price": "0.20147000", "time": "2025-07-16T00:38:41.480463Z", "fetched_at": "2025-07-16T00:39:32.804314+00:00", "symbol": "DOGE-USD"}, {"trade_id": 139196238, "side": "sell", "size": "700.00000000", "price": "0.20146000", "time": "2025-07-16T00:38:41.480463Z", "fetched_at": "2025-07-16T00:39:32.804314+00:00", "symbol": "DOGE-USD"}, {"trade_id": 139196237, "side": "sell", "size": "370.30000000", "price": "0.20144000", "time": "2025-07-16T00:38:41.480463Z", "fetched_at": "2025-07-16T00:39:32.804314+00:00", "symbol": "DOGE-USD"}, {"trade_id": 139196236, "side": "sell", "size": "70.60000000", "price": "0.20147000", "time": "2025-07-16T00:38:39.340511Z", "fetched_at": "2025-07-16T00:39:32.804314+00:00", "symbol": "DOGE-USD"}, {"trade_id": 139196235, "side": "buy", "size": "5883.60000000", "price": "0.20135000", "time": "2025-07-16T00:38:37.211693Z", "fetched_at": "2025-07-16T00:39:32.804314+00:00", "symbol": "DOGE-USD"}, {"trade_id": 139196234, "side": "buy", "size": "10860.20000000", "price": "0.20135000", "time": "2025-07-16T00:38:37.211693Z", "fetched_at": "2025-07-16T00:39:32.804314+00:00", "symbol": "DOGE-USD"}, {"trade_id": 139196233, "side": "buy", "size": "3967.20000000", "price": "0.20135000", "time": "2025-07-16T00:38:37.211693Z", "fetched_at": "2025-07-16T00:39:32.804314+00:00", "symbol": "DOGE-USD"}, {"trade_id": 139196232, "side": "buy", "size": "5702.50000000", "price": "0.20136000", "time": "2025-07-16T00:38:37.211693Z", "fetched_at": "2025-07-16T00:39:32.804314+00:00", "symbol": "DOGE-USD"}, {"trade_id": 139196231, "side": "buy", "size": "6788.80000000", "price": "0.20136000", "time": "2025-07-16T00:38:37.211693Z", "fetched_at": "2025-07-16T00:39:32.804314+00:00", "symbol": "DOGE-USD"}, {"trade_id": 139196230, "side": "buy", "size": "1943.00000000", "price": "0.20136000", "time": "2025-07-16T00:38:37.211693Z", "fetched_at": "2025-07-16T00:39:32.804314+00:00", "symbol": "DOGE-USD"}, {"trade_id": 139196229, "side": "buy", "size": "2380.30000000", "price": "0.20136000", "time": "2025-07-16T00:38:37.211693Z", "fetched_at": "2025-07-16T00:39:32.804314+00:00", "symbol": "DOGE-USD"}, {"trade_id": 139196228, "side": "buy", "size": "5.50000000", "price": "0.20136000", "time": "2025-07-16T00:38:37.211693Z", "fetched_at": "2025-07-16T00:39:32.804314+00:00", "symbol": "DOGE-USD"}, {"trade_id": 139196227, "side": "buy", "size": "1389.80000000", "price": "0.20137000", "time": "2025-07-16T00:38:37.211693Z", "fetched_at": "2025-07-16T00:39:32.804314+00:00", "symbol": "DOGE-USD"}, {"trade_id": 139196226, "side": "buy", "size": "1593.00000000", "price": "0.20137000", "time": "2025-07-16T00:38:37.211693Z", "fetched_at": "2025-07-16T00:39:32.804314+00:00", "symbol": "DOGE-USD"}, {"trade_id": 139196225, "side": "buy", "size": "6788.80000000", "price": "0.20138000", "time": "2025-07-16T00:38:37.211693Z", "fetched_at": "2025-07-16T00:39:32.804314+00:00", "symbol": "DOGE-USD"}, {"trade_id": 139196224, "side": "buy", "size": "1405.30000000", "price": "0.20140000", "time": "2025-07-16T00:38:37.211693Z", "fetched_at": "2025-07-16T00:39:32.804314+00:00", "symbol": "DOGE-USD"}, {"trade_id": 139196223, "side": "buy", "size": "700.00000000", "price": "0.20141000", "time": "2025-07-16T00:38:37.211693Z", "fetched_at": "2025-07-16T00:39:32.804314+00:00", "symbol": "DOGE-USD"}, {"trade_id": 139196222, "side": "buy", "size": "862.60000000", "price": "0.20141000", "time": "2025-07-16T00:38:37.211693Z", "fetched_at": "2025-07-16T00:39:32.804314+00:00", "symbol": "DOGE-USD"}, {"trade_id": 139196221, "side": "buy", "size": "5.90000000", "price": "0.20142000", "time": "2025-07-16T00:38:37.211693Z", "fetched_at": "2025-07-16T00:39:32.804314+00:00", "symbol": "DOGE-USD"}, {"trade_id": 139196220, "side": "sell", "size": "117.70000000", "price": "0.20145000", "time": "2025-07-16T00:38:36.367119Z", "fetched_at": "2025-07-16T00:39:32.804314+00:00", "symbol": "DOGE-USD"}, {"trade_id": 139196219, "side": "sell", "size": "48.20000000", "price": "0.20140000", "time": "2025-07-16T00:38:36.064619Z", "fetched_at": "2025-07-16T00:39:32.804314+00:00", "symbol": "DOGE-USD"}, {"trade_id": 139196218, "side": "buy", "size": "20.20000000", "price": "0.20137000", "time": "2025-07-16T00:38:34.926219Z", "fetched_at": "2025-07-16T00:39:32.804314+00:00", "symbol": "DOGE-USD"}, {"trade_id": 139196217, "side": "buy", "size": "23.20000000", "price": "0.20138000", "time": "2025-07-16T00:38:34.926219Z", "fetched_at": "2025-07-16T00:39:32.804314+00:00", "symbol": "DOGE-USD"}, {"trade_id": 139196216, "side": "sell", "size": "6827.30000000", "price": "0.20142000", "time": "2025-07-16T00:38:33.912331Z", "fetched_at": "2025-07-16T00:39:32.804314+00:00", "symbol": "DOGE-USD"}, {"trade_id": 139196215, "side": "sell", "size": "55.70000000", "price": "0.20142000", "time": "2025-07-16T00:38:33.912331Z", "fetched_at": "2025-07-16T00:39:32.804314+00:00", "symbol": "DOGE-USD"}, {"trade_id": 139196214, "side": "sell", "size": "1636.30000000", "price": "0.20140000", "time": "2025-07-16T00:38:33.912331Z", "fetched_at": "2025-07-16T00:39:32.804314+00:00", "symbol": "DOGE-USD"}, {"trade_id": 139196213, "side": "sell", "size": "503.00000000", "price": "0.20139000", "time": "2025-07-16T00:38:33.912331Z", "fetched_at": "2025-07-16T00:39:32.804314+00:00", "symbol": "DOGE-USD"}, {"trade_id": 139196212, "side": "sell", "size": "370.30000000", "price": "0.20138000", "time": "2025-07-16T00:38:33.912331Z", "fetched_at": "2025-07-16T00:39:32.804314+00:00", "symbol": "DOGE-USD"}, {"trade_id": 139196211, "side": "sell", "size": "405.90000000", "price": "0.20138000", "time": "2025-07-16T00:38:33.912331Z", "fetched_at": "2025-07-16T00:39:32.804314+00:00", "symbol": "DOGE-USD"}, {"trade_id": 139196210, "side": "sell", "size": "120.30000000", "price": "0.20138000", "time": "2025-07-16T00:38:33.150405Z", "fetched_at": "2025-07-16T00:39:32.804314+00:00", "symbol": "DOGE-USD"}, {"trade_id": 139196209, "side": "buy", "size": "27.50000000", "price": "0.20141000", "time": "2025-07-16T00:38:33.008397Z", "fetched_at": "2025-07-16T00:39:32.804314+00:00", "symbol": "DOGE-USD"}, {"trade_id": 139196208, "side": "sell", "size": "1430.80000000", "price": "0.20142000", "time": "2025-07-16T00:38:28.635478Z", "fetched_at": "2025-07-16T00:39:32.804314+00:00", "symbol": "DOGE-USD"}, {"trade_id": 139196207, "side": "sell", "size": "446.50000000", "price": "0.20142000", "time": "2025-07-16T00:38:28.635478Z", "fetched_at": "2025-07-16T00:39:32.804314+00:00", "symbol": "DOGE-USD"}, {"trade_id": 139196206, "side": "sell", "size": "999.50000000", "price": "0.20146000", "time": "2025-07-16T00:38:27.118452Z", "fetched_at": "2025-07-16T00:39:32.804314+00:00", "symbol": "DOGE-USD"}, {"trade_id": 139196205, "side": "sell", "size": "1407.30000000", "price": "0.20146000", "time": "2025-07-16T00:38:27.118452Z", "fetched_at": "2025-07-16T00:39:32.804314+00:00", "symbol": "DOGE-USD"}, {"trade_id": 139196204, "side": "sell", "size": "5.50000000", "price": "0.20146000", "time": "2025-07-16T00:38:27.118452Z", "fetched_at": "2025-07-16T00:39:32.804314+00:00", "symbol": "DOGE-USD"}, {"trade_id": 139196203, "side": "sell", "size": "370.30000000", "price": "0.20143000", "time": "2025-07-16T00:38:24.130166Z", "fetched_at": "2025-07-16T00:39:32.804314+00:00", "symbol": "DOGE-USD"}, {"trade_id": 139196202, "side": "sell", "size": "1644.30000000", "price": "0.20140000", "time": "2025-07-16T00:38:24.012964Z", "fetched_at": "2025-07-16T00:39:32.804314+00:00", "symbol": "DOGE-USD"}, {"trade_id": 139196201, "side": "sell", "size": "12665.90000000", "price": "0.20149000", "time": "2025-07-16T00:38:22.646509Z", "fetched_at": "2025-07-16T00:39:32.804314+00:00", "symbol": "DOGE-USD"}, {"trade_id": 139196200, "side": "sell", "size": "23315.90000000", "price": "0.20149000", "time": "2025-07-16T00:38:22.646509Z", "fetched_at": "2025-07-16T00:39:32.804314+00:00", "symbol": "DOGE-USD"}, {"trade_id": 139196199, "side": "sell", "size": "6790.50000000", "price": "0.20149000", "time": "2025-07-16T00:38:22.646509Z", "fetched_at": "2025-07-16T00:39:32.804314+00:00", "symbol": "DOGE-USD"}, {"trade_id": 139196198, "side": "sell", "size": "1593.00000000", "price": "0.20149000", "time": "2025-07-16T00:38:22.646509Z", "fetched_at": "2025-07-16T00:39:32.804314+00:00", "symbol": "DOGE-USD"}, {"trade_id": 139196197, "side": "sell", "size": "17.10000000", "price": "0.20149000", "time": "2025-07-16T00:38:22.646509Z", "fetched_at": "2025-07-16T00:39:32.804314+00:00", "symbol": "DOGE-USD"}, {"trade_id": 139196196, "side": "sell", "size": "15902.60000000", "price": "0.20148000", "time": "2025-07-16T00:38:22.646509Z", "fetched_at": "2025-07-16T00:39:32.804314+00:00", "symbol": "DOGE-USD"}, {"trade_id": 139196195, "side": "sell", "size": "12758.30000000", "price": "0.20148000", "time": "2025-07-16T00:38:22.646509Z", "fetched_at": "2025-07-16T00:39:32.804314+00:00", "symbol": "DOGE-USD"}, {"trade_id": 139196194, "side": "sell", "size": "1346.20000000", "price": "0.20148000", "time": "2025-07-16T00:38:22.646509Z", "fetched_at": "2025-07-16T00:39:32.804314+00:00", "symbol": "DOGE-USD"}, {"trade_id": 139196193, "side": "sell", "size": "5.50000000", "price": "0.20148000", "time": "2025-07-16T00:38:22.646509Z", "fetched_at": "2025-07-16T00:39:32.804314+00:00", "symbol": "DOGE-USD"}, {"trade_id": 139196192, "side": "sell", "size": "71.50000000", "price": "0.20148000", "time": "2025-07-16T00:38:22.646509Z", "fetched_at": "2025-07-16T00:39:32.804314+00:00", "symbol": "DOGE-USD"}, {"trade_id": 139196191, "side": "sell", "size": "336.60000000", "price": "0.20148000", "time": "2025-07-16T00:38:22.646509Z", "fetched_at": "2025-07-16T00:39:32.804314+00:00", "symbol": "DOGE-USD"}, {"trade_id": 139196190, "side": "sell", "size": "8710.90000000", "price": "0.20147000", "time": "2025-07-16T00:38:22.646509Z", "fetched_at": "2025-07-16T00:39:32.804314+00:00", "symbol": "DOGE-USD"}, {"trade_id": 139196189, "side": "sell", "size": "4715.30000000", "price": "0.20147000", "time": "2025-07-16T00:38:22.646509Z", "fetched_at": "2025-07-16T00:39:32.804314+00:00", "symbol": "DOGE-USD"}, {"trade_id": 139196188, "side": "sell", "size": "4685.00000000", "price": "0.20147000", "time": "2025-07-16T00:38:22.646509Z", "fetched_at": "2025-07-16T00:39:32.804314+00:00", "symbol": "DOGE-USD"}, {"trade_id": 139196187, "side": "sell", "size": "500.00000000", "price": "0.20147000", "time": "2025-07-16T00:38:22.646509Z", "fetched_at": "2025-07-16T00:39:32.804314+00:00", "symbol": "DOGE-USD"}, {"trade_id": 139196186, "side": "sell", "size": "106.60000000", "price": "0.20147000", "time": "2025-07-16T00:38:22.646509Z", "fetched_at": "2025-07-16T00:39:32.804314+00:00", "symbol": "DOGE-USD"}, {"trade_id": 139196185, "side": "sell", "size": "1593.00000000", "price": "0.20146000", "time": "2025-07-16T00:38:22.646509Z", "fetched_at": "2025-07-16T00:39:32.804314+00:00", "symbol": "DOGE-USD"}, {"trade_id": 139196184, "side": "sell", "size": "5.50000000", "price": "0.20146000", "time": "2025-07-16T00:38:22.646509Z", "fetched_at": "2025-07-16T00:39:32.804314+00:00", "symbol": "DOGE-USD"}, {"trade_id": 139196183, "side": "sell", "size": "141.40000000", "price": "0.20146000", "time": "2025-07-16T00:38:22.646509Z", "fetched_at": "2025-07-16T00:39:32.804314+00:00", "symbol": "DOGE-USD"}, {"trade_id": 139196182, "side": "sell", "size": "55.70000000", "price": "0.20145000", "time": "2025-07-16T00:38:22.646509Z", "fetched_at": "2025-07-16T00:39:32.804314+00:00", "symbol": "DOGE-USD"}, {"trade_id": 139196181, "side": "sell", "size": "1374.40000000", "price": "0.20144000", "time": "2025-07-16T00:38:22.646509Z", "fetched_at": "2025-07-16T00:39:32.804314+00:00", "symbol": "DOGE-USD"}, {"trade_id": 139196180, "side": "sell", "size": "382.20000000", "price": "0.20142000", "time": "2025-07-16T00:38:22.646509Z", "fetched_at": "2025-07-16T00:39:32.804314+00:00", "symbol": "DOGE-USD"}, {"trade_id": 139196179, "side": "sell", "size": "700.00000000", "price": "0.20142000", "time": "2025-07-16T00:38:22.646509Z", "fetched_at": "2025-07-16T00:39:32.804314+00:00", "symbol": "DOGE-USD"}, {"trade_id": 139196178, "side": "sell", "size": "446.50000000", "price": "0.20142000", "time": "2025-07-16T00:38:22.646509Z", "fetched_at": "2025-07-16T00:39:32.804314+00:00", "symbol": "DOGE-USD"}, {"trade_id": 139196177, "side": "sell", "size": "1412.70000000", "price": "0.20142000", "time": "2025-07-16T00:38:22.646509Z", "fetched_at": "2025-07-16T00:39:32.804314+00:00", "symbol": "DOGE-USD"}, {"trade_id": 139196176, "side": "sell", "size": "370.30000000", "price": "0.20142000", "time": "2025-07-16T00:38:22.646509Z", "fetched_at": "2025-07-16T00:39:32.804314+00:00", "symbol": "DOGE-USD"}, {"trade_id": 139196175, "side": "buy", "size": "21.50000000", "price": "0.20140000", "time": "2025-07-16T00:38:21.665360Z", "fetched_at": "2025-07-16T00:39:32.804314+00:00", "symbol": "DOGE-USD"}, {"trade_id": 139196174, "side": "buy", "size": "24.60000000", "price": "0.20141000", "time": "2025-07-16T00:38:21.665360Z", "fetched_at": "2025-07-16T00:39:32.804314+00:00", "symbol": "DOGE-USD"}, {"trade_id": 139196173, "side": "buy", "size": "4.60000000", "price": "0.20139000", "time": "2025-07-16T00:38:18.417904Z", "fetched_at": "2025-07-16T00:39:32.804314+00:00", "symbol": "DOGE-USD"}, {"trade_id": 139196172, "side": "sell", "size": "241.50000000", "price": "0.20142000", "time": "2025-07-16T00:38:17.957619Z", "fetched_at": "2025-07-16T00:39:32.804314+00:00", "symbol": "DOGE-USD"}, {"trade_id": 139196171, "side": "sell", "size": "9950.90000000", "price": "0.20145000", "time": "2025-07-16T00:38:16.731746Z", "fetched_at": "2025-07-16T00:39:32.804314+00:00", "symbol": "DOGE-USD"}, {"trade_id": 139196170, "side": "sell", "size": "27.00000000", "price": "0.20145000", "time": "2025-07-16T00:38:16.731746Z", "fetched_at": "2025-07-16T00:39:32.804314+00:00", "symbol": "DOGE-USD"}, {"trade_id": 139196169, "side": "sell", "size": "0.30000000", "price": "0.20145000", "time": "2025-07-16T00:38:16.731746Z", "fetched_at": "2025-07-16T00:39:32.804314+00:00", "symbol": "DOGE-USD"}, {"trade_id": 139196168, "side": "sell", "size": "1368.70000000", "price": "0.20144000", "time": "2025-07-16T00:38:16.731746Z", "fetched_at": "2025-07-16T00:39:32.804314+00:00", "symbol": "DOGE-USD"}, {"trade_id": 139196167, "side": "sell", "size": "12758.30000000", "price": "0.20144000", "time": "2025-07-16T00:38:16.731746Z", "fetched_at": "2025-07-16T00:39:32.804314+00:00", "symbol": "DOGE-USD"}, {"trade_id": 139196166, "side": "sell", "size": "5.50000000", "price": "0.20144000", "time": "2025-07-16T00:38:16.731746Z", "fetched_at": "2025-07-16T00:39:32.804314+00:00", "symbol": "DOGE-USD"}, {"trade_id": 139196165, "side": "sell", "size": "61.60000000", "price": "0.20144000", "time": "2025-07-16T00:38:16.731746Z", "fetched_at": "2025-07-16T00:39:32.804314+00:00", "symbol": "DOGE-USD"}, {"trade_id": 139196164, "side": "sell", "size": "24.30000000", "price": "0.20144000", "time": "2025-07-16T00:38:16.731746Z", "fetched_at": "2025-07-16T00:39:32.804314+00:00", "symbol": "DOGE-USD"}, {"trade_id": 139196163, "side": "sell", "size": "96.00000000", "price": "0.20144000", "time": "2025-07-16T00:38:16.731746Z", "fetched_at": "2025-07-16T00:39:32.804314+00:00", "symbol": "DOGE-USD"}, {"trade_id": 139196162, "side": "sell", "size": "1373.20000000", "price": "0.20144000", "time": "2025-07-16T00:38:16.731746Z", "fetched_at": "2025-07-16T00:39:32.804314+00:00", "symbol": "DOGE-USD"}, {"trade_id": 139196161, "side": "sell", "size": "478.80000000", "price": "0.20143000", "time": "2025-07-16T00:38:16.731746Z", "fetched_at": "2025-07-16T00:39:32.804314+00:00", "symbol": "DOGE-USD"}, {"trade_id": 139196160, "side": "sell", "size": "116.30000000", "price": "0.20143000", "time": "2025-07-16T00:38:16.731746Z", "fetched_at": "2025-07-16T00:39:32.804314+00:00", "symbol": "DOGE-USD"}, {"trade_id": 139196159, "side": "sell", "size": "5.50000000", "price": "0.20142000", "time": "2025-07-16T00:38:16.731746Z", "fetched_at": "2025-07-16T00:39:32.804314+00:00", "symbol": "DOGE-USD"}, {"trade_id": 139196158, "side": "sell", "size": "127.90000000", "price": "0.20142000", "time": "2025-07-16T00:38:16.731746Z", "fetched_at": "2025-07-16T00:39:32.804314+00:00", "symbol": "DOGE-USD"}, {"trade_id": 139196157, "side": "sell", "size": "5.50000000", "price": "0.20140000", "time": "2025-07-16T00:38:16.731746Z", "fetched_at": "2025-07-16T00:39:32.804314+00:00", "symbol": "DOGE-USD"}, {"trade_id": 139196156, "side": "sell", "size": "5.50000000", "price": "0.20138000", "time": "2025-07-16T00:38:16.731746Z", "fetched_at": "2025-07-16T00:39:32.804314+00:00", "symbol": "DOGE-USD"}, {"trade_id": 139196155, "side": "buy", "size": "824.70000000", "price": "0.20137000", "time": "2025-07-16T00:38:16.693045Z", "fetched_at": "2025-07-16T00:39:32.804314+00:00", "symbol": "DOGE-USD"}, {"trade_id": 139196154, "side": "buy", "size": "2500.00000000", "price": "0.20135000", "time": "2025-07-16T00:38:16.671463Z", "fetched_at": "2025-07-16T00:39:32.804314+00:00", "symbol": "DOGE-USD"}, {"trade_id": 139196153, "side": "buy", "size": "500.00000000", "price": "0.20136000", "time": "2025-07-16T00:38:16.671463Z", "fetched_at": "2025-07-16T00:39:32.804314+00:00", "symbol": "DOGE-USD"}, {"trade_id": 139196152, "side": "buy", "size": "1593.00000000", "price": "0.20137000", "time": "2025-07-16T00:38:16.671463Z", "fetched_at": "2025-07-16T00:39:32.804314+00:00", "symbol": "DOGE-USD"}, {"trade_id": 139196151, "side": "buy", "size": "9.30000000", "price": "0.20137000", "time": "2025-07-16T00:38:16.671463Z", "fetched_at": "2025-07-16T00:39:32.804314+00:00", "symbol": "DOGE-USD"}, {"trade_id": 139196150, "side": "buy", "size": "1610.30000000", "price": "0.20137000", "time": "2025-07-16T00:38:16.671463Z", "fetched_at": "2025-07-16T00:39:32.804314+00:00", "symbol": "DOGE-USD"}, {"trade_id": 139196149, "side": "sell", "size": "5.50000000", "price": "0.20136000", "time": "2025-07-16T00:38:16.615153Z", "fetched_at": "2025-07-16T00:39:32.804314+00:00", "symbol": "DOGE-USD"}, {"trade_id": 139196148, "side": "buy", "size": "123.10000000", "price": "0.20135000", "time": "2025-07-16T00:38:16.614637Z", "fetched_at": "2025-07-16T00:39:32.804314+00:00", "symbol": "DOGE-USD"}, {"trade_id": 139196147, "side": "buy", "size": "1474.10000000", "price": "0.20135000", "time": "2025-07-16T00:38:16.614637Z", "fetched_at": "2025-07-16T00:39:32.804314+00:00", "symbol": "DOGE-USD"}, {"trade_id": 139196146, "side": "buy", "size": "9.30000000", "price": "0.20135000", "time": "2025-07-16T00:38:16.614637Z", "fetched_at": "2025-07-16T00:39:32.804314+00:00", "symbol": "DOGE-USD"}, {"trade_id": 139196145, "side": "buy", "size": "1411.10000000", "price": "0.20135000", "time": "2025-07-16T00:38:16.614637Z", "fetched_at": "2025-07-16T00:39:32.804314+00:00", "symbol": "DOGE-USD"}, {"trade_id": 139196144, "side": "buy", "size": "1593.00000000", "price": "0.20135000", "time": "2025-07-16T00:38:16.594494Z", "fetched_at": "2025-07-16T00:39:32.804314+00:00", "symbol": "DOGE-USD"}, {"trade_id": 139196143, "side": "buy", "size": "1415.30000000", "price": "0.20135000", "time": "2025-07-16T00:38:16.594494Z", "fetched_at": "2025-07-16T00:39:32.804314+00:00", "symbol": "DOGE-USD"}, {"trade_id": 139196142, "side": "buy", "size": "9.30000000", "price": "0.20135000", "time": "2025-07-16T00:38:16.594494Z", "fetched_at": "2025-07-16T00:39:32.804314+00:00", "symbol": "DOGE-USD"}, {"trade_id": 139196141, "side": "buy", "size": "862.70000000", "price": "0.20135000", "time": "2025-07-16T00:38:16.573877Z", "fetched_at": "2025-07-16T00:39:32.804314+00:00", "symbol": "DOGE-USD"}, {"trade_id": 139196140, "side": "buy", "size": "1530.30000000", "price": "0.20135000", "time": "2025-07-16T00:38:16.573877Z", "fetched_at": "2025-07-16T00:39:32.804314+00:00", "symbol": "DOGE-USD"}, {"trade_id": 139196139, "side": "buy", "size": "1494.30000000", "price": "0.20135000", "time": "2025-07-16T00:38:16.573877Z", "fetched_at": "2025-07-16T00:39:32.804314+00:00", "symbol": "DOGE-USD"}, {"trade_id": 139196138, "side": "buy", "size": "9.30000000", "price": "0.20135000", "time": "2025-07-16T00:38:16.573877Z", "fetched_at": "2025-07-16T00:39:32.804314+00:00", "symbol": "DOGE-USD"}, {"trade_id": 139196137, "side": "buy", "size": "1593.00000000", "price": "0.20135000", "time": "2025-07-16T00:38:16.573877Z", "fetched_at": "2025-07-16T00:39:32.804314+00:00", "symbol": "DOGE-USD"}, {"trade_id": 139196136, "side": "buy", "size": "190.70000000", "price": "0.20135000", "time": "2025-07-16T00:38:16.573877Z", "fetched_at": "2025-07-16T00:39:32.804314+00:00", "symbol": "DOGE-USD"}, {"trade_id": 139196135, "side": "buy", "size": "993.90000000", "price": "0.20135000", "time": "2025-07-16T00:38:16.573877Z", "fetched_at": "2025-07-16T00:39:32.804314+00:00", "symbol": "DOGE-USD"}, {"trade_id": 139196134, "side": "buy", "size": "33.10000000", "price": "0.20135000", "time": "2025-07-16T00:38:16.573877Z", "fetched_at": "2025-07-16T00:39:32.804314+00:00", "symbol": "DOGE-USD"}, {"trade_id": 139196133, "side": "sell", "size": "319.40000000", "price": "0.20135000", "time": "2025-07-16T00:38:16.415069Z", "fetched_at": "2025-07-16T00:39:32.804314+00:00", "symbol": "DOGE-USD"}, {"trade_id": 139196132, "side": "sell", "size": "446.50000000", "price": "0.20135000", "time": "2025-07-16T00:38:16.409535Z", "fetched_at": "2025-07-16T00:39:32.804314+00:00", "symbol": "DOGE-USD"}, {"trade_id": 139196131, "side": "sell", "size": "1495.00000000", "price": "0.20135000", "time": "2025-07-16T00:38:16.404089Z", "fetched_at": "2025-07-16T00:39:32.804314+00:00", "symbol": "DOGE-USD"}, {"trade_id": 139196130, "side": "sell", "size": "661.80000000", "price": "0.20135000", "time": "2025-07-16T00:38:16.403852Z", "fetched_at": "2025-07-16T00:39:32.804314+00:00", "symbol": "DOGE-USD"}, {"trade_id": 139196129, "side": "sell", "size": "1244.20000000", "price": "0.20135000", "time": "2025-07-16T00:38:16.399166Z", "fetched_at": "2025-07-16T00:39:32.804314+00:00", "symbol": "DOGE-USD"}, {"trade_id": 139196128, "side": "sell", "size": "446.50000000", "price": "0.20135000", "time": "2025-07-16T00:38:16.384136Z", "fetched_at": "2025-07-16T00:39:32.804314+00:00", "symbol": "DOGE-USD"}, {"trade_id": 139196127, "side": "sell", "size": "2020.40000000", "price": "0.20135000", "time": "2025-07-16T00:38:16.380474Z", "fetched_at": "2025-07-16T00:39:32.804314+00:00", "symbol": "DOGE-USD"}, {"trade_id": 139196126, "side": "sell", "size": "5052.90000000", "price": "0.20135000", "time": "2025-07-16T00:38:16.379701Z", "fetched_at": "2025-07-16T00:39:32.804314+00:00", "symbol": "DOGE-USD"}, {"trade_id": 139196125, "side": "sell", "size": "2415.00000000", "price": "0.20135000", "time": "2025-07-16T00:38:16.377920Z", "fetched_at": "2025-07-16T00:39:32.804314+00:00", "symbol": "DOGE-USD"}, {"trade_id": 139196124, "side": "sell", "size": "4613.40000000", "price": "0.20135000", "time": "2025-07-16T00:38:16.376669Z", "fetched_at": "2025-07-16T00:39:32.804314+00:00", "symbol": "DOGE-USD"}, {"trade_id": 139196123, "side": "sell", "size": "2557.40000000", "price": "0.20135000", "time": "2025-07-16T00:38:16.372143Z", "fetched_at": "2025-07-16T00:39:32.804314+00:00", "symbol": "DOGE-USD"}, {"trade_id": 139196122, "side": "sell", "size": "2634.60000000", "price": "0.20135000", "time": "2025-07-16T00:38:16.370121Z", "fetched_at": "2025-07-16T00:39:32.804314+00:00", "symbol": "DOGE-USD"}, {"trade_id": 139196121, "side": "sell", "size": "3725.60000000", "price": "0.20135000", "time": "2025-07-16T00:38:16.368859Z", "fetched_at": "2025-07-16T00:39:32.804314+00:00", "symbol": "DOGE-USD"}, {"trade_id": 139196120, "side": "sell", "size": "5.50000000", "price": "0.20134000", "time": "2025-07-16T00:38:16.368859Z", "fetched_at": "2025-07-16T00:39:32.804314+00:00", "symbol": "DOGE-USD"}, {"trade_id": 139196119, "side": "sell", "size": "5.50000000", "price": "0.20132000", "time": "2025-07-16T00:38:16.359347Z", "fetched_at": "2025-07-16T00:39:32.804314+00:00", "symbol": "DOGE-USD"}, {"trade_id": 139196118, "side": "sell", "size": "1243.80000000", "price": "0.20127000", "time": "2025-07-16T00:38:16.153316Z", "fetched_at": "2025-07-16T00:39:32.804314+00:00", "symbol": "DOGE-USD"}, {"trade_id": 139196117, "side": "sell", "size": "96.60000000", "price": "0.20127000", "time": "2025-07-16T00:38:15.929567Z", "fetched_at": "2025-07-16T00:39:32.804314+00:00", "symbol": "DOGE-USD"}, {"trade_id": 139196116, "side": "buy", "size": "478.80000000", "price": "0.20127000", "time": "2025-07-16T00:38:13.874674Z", "fetched_at": "2025-07-16T00:39:32.804314+00:00", "symbol": "DOGE-USD"}, {"trade_id": 139196115, "side": "buy", "size": "1314.90000000", "price": "0.20128000", "time": "2025-07-16T00:38:13.874674Z", "fetched_at": "2025-07-16T00:39:32.804314+00:00", "symbol": "DOGE-USD"}, {"trade_id": 139196114, "side": "buy", "size": "10.30000000", "price": "0.20129000", "time": "2025-07-16T00:38:13.874674Z", "fetched_at": "2025-07-16T00:39:32.804314+00:00", "symbol": "DOGE-USD"}, {"trade_id": 139196113, "side": "buy", "size": "337.90000000", "price": "0.20128000", "time": "2025-07-16T00:38:13.791081Z", "fetched_at": "2025-07-16T00:39:32.804314+00:00", "symbol": "DOGE-USD"}, {"trade_id": 139196112, "side": "buy", "size": "10.30000000", "price": "0.20129000", "time": "2025-07-16T00:38:13.791081Z", "fetched_at": "2025-07-16T00:39:32.804314+00:00", "symbol": "DOGE-USD"}, {"trade_id": 139196111, "side": "buy", "size": "358.80000000", "price": "0.20130000", "time": "2025-07-16T00:38:13.791081Z", "fetched_at": "2025-07-16T00:39:32.804314+00:00", "symbol": "DOGE-USD"}, {"trade_id": 139196110, "side": "buy", "size": "19.70000000", "price": "0.20131000", "time": "2025-07-16T00:38:13.517008Z", "fetched_at": "2025-07-16T00:39:32.804314+00:00", "symbol": "DOGE-USD"}, {"trade_id": 139196109, "side": "buy", "size": "742.00000000", "price": "0.20126000", "time": "2025-07-16T00:38:12.359338Z", "fetched_at": "2025-07-16T00:39:32.804314+00:00", "symbol": "DOGE-USD"}, {"trade_id": 139196108, "side": "buy", "size": "862.70000000", "price": "0.20126000", "time": "2025-07-16T00:38:12.359338Z", "fetched_at": "2025-07-16T00:39:32.804314+00:00", "symbol": "DOGE-USD"}, {"trade_id": 139196107, "side": "buy", "size": "1387.40000000", "price": "0.20126000", "time": "2025-07-16T00:38:12.359338Z", "fetched_at": "2025-07-16T00:39:32.804314+00:00", "symbol": "DOGE-USD"}, {"trade_id": 139196106, "side": "buy", "size": "10.90000000", "price": "0.20127000", "time": "2025-07-16T00:38:12.359338Z", "fetched_at": "2025-07-16T00:39:32.804314+00:00", "symbol": "DOGE-USD"}, {"trade_id": 139196105, "side": "buy", "size": "365.60000000", "price": "0.20127000", "time": "2025-07-16T00:38:12.359338Z", "fetched_at": "2025-07-16T00:39:32.804314+00:00", "symbol": "DOGE-USD"}, {"trade_id": 139196104, "side": "buy", "size": "358.80000000", "price": "0.20130000", "time": "2025-07-16T00:38:12.359338Z", "fetched_at": "2025-07-16T00:39:32.804314+00:00", "symbol": "DOGE-USD"}, {"trade_id": 139196103, "side": "buy", "size": "690.60000000", "price": "0.20128000", "time": "2025-07-16T00:38:12.146970Z", "fetched_at": "2025-07-16T00:39:32.804314+00:00", "symbol": "DOGE-USD"}, {"trade_id": 139196102, "side": "buy", "size": "10.70000000", "price": "0.20128000", "time": "2025-07-16T00:38:12.146970Z", "fetched_at": "2025-07-16T00:39:32.804314+00:00", "symbol": "DOGE-USD"}, {"trade_id": 139196101, "side": "buy", "size": "446.50000000", "price": "0.20129000", "time": "2025-07-16T00:38:12.146970Z", "fetched_at": "2025-07-16T00:39:32.804314+00:00", "symbol": "DOGE-USD"}, {"trade_id": 139196100, "side": "buy", "size": "358.80000000", "price": "0.20130000", "time": "2025-07-16T00:38:12.146970Z", "fetched_at": "2025-07-16T00:39:32.804314+00:00", "symbol": "DOGE-USD"}, {"trade_id": 139196099, "side": "sell", "size": "230.50000000", "price": "0.20131000", "time": "2025-07-16T00:38:12.052771Z", "fetched_at": "2025-07-16T00:39:32.804314+00:00", "symbol": "DOGE-USD"}, {"trade_id": 139196098, "side": "sell", "size": "5.50000000", "price": "0.20130000", "time": "2025-07-16T00:38:12.052771Z", "fetched_at": "2025-07-16T00:39:32.804314+00:00", "symbol": "DOGE-USD"}, {"trade_id": 139196097, "side": "sell", "size": "5.50000000", "price": "0.20128000", "time": "2025-07-16T00:38:12.052771Z", "fetched_at": "2025-07-16T00:39:32.804314+00:00", "symbol": "DOGE-USD"}, {"trade_id": 139196096, "side": "sell", "size": "880.80000000", "price": "0.20126000", "time": "2025-07-16T00:38:10.025639Z", "fetched_at": "2025-07-16T00:39:32.804314+00:00", "symbol": "DOGE-USD"}, {"trade_id": 139196095, "side": "sell", "size": "5.50000000", "price": "0.20126000", "time": "2025-07-16T00:38:10.025639Z", "fetched_at": "2025-07-16T00:39:32.804314+00:00", "symbol": "DOGE-USD"}, {"trade_id": 139196094, "side": "sell", "size": "3.70000000", "price": "0.20124000", "time": "2025-07-16T00:38:10.025639Z", "fetched_at": "2025-07-16T00:39:32.804314+00:00", "symbol": "DOGE-USD"}, {"trade_id": 139196093, "side": "sell", "size": "5.50000000", "price": "0.20124000", "time": "2025-07-16T00:38:10.025639Z", "fetched_at": "2025-07-16T00:39:32.804314+00:00", "symbol": "DOGE-USD"}, {"trade_id": 139196092, "side": "sell", "size": "400.00000000", "price": "0.20123000", "time": "2025-07-16T00:38:09.694319Z", "fetched_at": "2025-07-16T00:39:32.804314+00:00", "symbol": "DOGE-USD"}, {"trade_id": 139196091, "side": "sell", "size": "5.50000000", "price": "0.20122000", "time": "2025-07-16T00:38:09.691377Z", "fetched_at": "2025-07-16T00:39:32.804314+00:00", "symbol": "DOGE-USD"}, {"trade_id": 139196090, "side": "sell", "size": "40897.40000000", "price": "0.20121000", "time": "2025-07-16T00:38:09.687900Z", "fetched_at": "2025-07-16T00:39:32.804314+00:00", "symbol": "DOGE-USD"}, {"trade_id": 139196089, "side": "sell", "size": "9677.40000000", "price": "0.20121000", "time": "2025-07-16T00:38:09.687641Z", "fetched_at": "2025-07-16T00:39:32.804314+00:00", "symbol": "DOGE-USD"}, {"trade_id": 139196088, "side": "sell", "size": "2389.50000000", "price": "0.20121000", "time": "2025-07-16T00:38:09.687402Z", "fetched_at": "2025-07-16T00:39:32.804314+00:00", "symbol": "DOGE-USD"}, {"trade_id": 139196087, "side": "sell", "size": "48276.20000000", "price": "0.20121000", "time": "2025-07-16T00:38:09.687337Z", "fetched_at": "2025-07-16T00:39:32.804314+00:00", "symbol": "DOGE-USD"}, {"trade_id": 139196086, "side": "sell", "size": "15804.40000000", "price": "0.20121000", "time": "2025-07-16T00:38:09.687090Z", "fetched_at": "2025-07-16T00:39:32.804314+00:00", "symbol": "DOGE-USD"}, {"trade_id": 139196085, "side": "sell", "size": "32471.80000000", "price": "0.20121000", "time": "2025-07-16T00:38:09.687090Z", "fetched_at": "2025-07-16T00:39:32.804314+00:00", "symbol": "DOGE-USD"}, {"trade_id": 139196084, "side": "sell", "size": "4654.70000000", "price": "0.20121000", "time": "2025-07-16T00:38:09.686854Z", "fetched_at": "2025-07-16T00:39:32.804314+00:00", "symbol": "DOGE-USD"}, {"trade_id": 139196083, "side": "sell", "size": "5251.70000000", "price": "0.20121000", "time": "2025-07-16T00:38:09.685863Z", "fetched_at": "2025-07-16T00:39:32.804314+00:00", "symbol": "DOGE-USD"}, {"trade_id": 139196082, "side": "sell", "size": "310.60000000", "price": "0.20121000", "time": "2025-07-16T00:38:09.685685Z", "fetched_at": "2025-07-16T00:39:32.804314+00:00", "symbol": "DOGE-USD"}, {"trade_id": 139196081, "side": "sell", "size": "7449.80000000", "price": "0.20121000", "time": "2025-07-16T00:38:09.684091Z", "fetched_at": "2025-07-16T00:39:32.804314+00:00", "symbol": "DOGE-USD"}, {"trade_id": 139196080, "side": "sell", "size": "66905.90000000", "price": "0.20121000", "time": "2025-07-16T00:38:09.682358Z", "fetched_at": "2025-07-16T00:39:32.804314+00:00", "symbol": "DOGE-USD"}, {"trade_id": 139196079, "side": "sell", "size": "52001.40000000", "price": "0.20121000", "time": "2025-07-16T00:38:09.682358Z", "fetched_at": "2025-07-16T00:39:32.804314+00:00", "symbol": "DOGE-USD"}, {"trade_id": 139196078, "side": "sell", "size": "6462.00000000", "price": "0.20121000", "time": "2025-07-16T00:38:09.677320Z", "fetched_at": "2025-07-16T00:39:32.804314+00:00", "symbol": "DOGE-USD"}, {"trade_id": 139196077, "side": "sell", "size": "221.30000000", "price": "0.20121000", "time": "2025-07-16T00:38:09.348975Z", "fetched_at": "2025-07-16T00:39:32.804314+00:00", "symbol": "DOGE-USD"}, {"trade_id": 139196076, "side": "sell", "size": "3773.60000000", "price": "0.20121000", "time": "2025-07-16T00:38:09.348648Z", "fetched_at": "2025-07-16T00:39:32.804314+00:00", "symbol": "DOGE-USD"}, {"trade_id": 139196075, "side": "sell", "size": "4642.60000000", "price": "0.20121000", "time": "2025-07-16T00:38:09.346286Z", "fetched_at": "2025-07-16T00:39:32.804314+00:00", "symbol": "DOGE-USD"}, {"trade_id": 139196074, "side": "sell", "size": "15044.50000000", "price": "0.20121000", "time": "2025-07-16T00:38:09.345649Z", "fetched_at": "2025-07-16T00:39:32.804314+00:00", "symbol": "DOGE-USD"}, {"trade_id": 139196073, "side": "sell", "size": "2160.50000000", "price": "0.20121000", "time": "2025-07-16T00:38:09.344878Z", "fetched_at": "2025-07-16T00:39:32.804314+00:00", "symbol": "DOGE-USD"}, {"trade_id": 139196072, "side": "sell", "size": "4563.30000000", "price": "0.20121000", "time": "2025-07-16T00:38:09.343039Z", "fetched_at": "2025-07-16T00:39:32.804314+00:00", "symbol": "DOGE-USD"}, {"trade_id": 139196071, "side": "sell", "size": "2574.40000000", "price": "0.20121000", "time": "2025-07-16T00:38:09.342898Z", "fetched_at": "2025-07-16T00:39:32.804314+00:00", "symbol": "DOGE-USD"}, {"trade_id": 139196070, "side": "sell", "size": "63819.40000000", "price": "0.20121000", "time": "2025-07-16T00:38:09.342060Z", "fetched_at": "2025-07-16T00:39:32.804314+00:00", "symbol": "DOGE-USD"}, {"trade_id": 139196069, "side": "sell", "size": "14172.00000000", "price": "0.20121000", "time": "2025-07-16T00:38:09.338776Z", "fetched_at": "2025-07-16T00:39:32.804314+00:00", "symbol": "DOGE-USD"}, {"trade_id": 139196068, "side": "sell", "size": "18469.00000000", "price": "0.20121000", "time": "2025-07-16T00:38:09.332471Z", "fetched_at": "2025-07-16T00:39:32.804314+00:00", "symbol": "DOGE-USD"}, {"trade_id": 139196067, "side": "sell", "size": "1092.40000000", "price": "0.20121000", "time": "2025-07-16T00:38:09.319396Z", "fetched_at": "2025-07-16T00:39:32.804314+00:00", "symbol": "DOGE-USD"}, {"trade_id": 139196066, "side": "sell", "size": "2877.60000000", "price": "0.20121000", "time": "2025-07-16T00:38:09.294666Z", "fetched_at": "2025-07-16T00:39:32.804314+00:00", "symbol": "DOGE-USD"}, {"trade_id": 139196065, "side": "sell", "size": "6376.50000000", "price": "0.20121000", "time": "2025-07-16T00:38:09.283229Z", "fetched_at": "2025-07-16T00:39:32.804314+00:00", "symbol": "DOGE-USD"}, {"trade_id": 139196064, "side": "sell", "size": "2532.50000000", "price": "0.20121000", "time": "2025-07-16T00:38:09.274440Z", "fetched_at": "2025-07-16T00:39:32.804314+00:00", "symbol": "DOGE-USD"}, {"trade_id": 139196063, "side": "sell", "size": "3355.30000000", "price": "0.20121000", "time": "2025-07-16T00:38:09.262764Z", "fetched_at": "2025-07-16T00:39:32.804314+00:00", "symbol": "DOGE-USD"}, {"trade_id": 139196062, "side": "sell", "size": "3878.20000000", "price": "0.20121000", "time": "2025-07-16T00:38:09.249397Z", "fetched_at": "2025-07-16T00:39:32.804314+00:00", "symbol": "DOGE-USD"}, {"trade_id": 139196061, "side": "sell", "size": "2661.10000000", "price": "0.20121000", "time": "2025-07-16T00:38:09.233531Z", "fetched_at": "2025-07-16T00:39:32.804314+00:00", "symbol": "DOGE-USD"}, {"trade_id": 139196060, "side": "sell", "size": "2752.40000000", "price": "0.20121000", "time": "2025-07-16T00:38:09.223717Z", "fetched_at": "2025-07-16T00:39:32.804314+00:00", "symbol": "DOGE-USD"}, {"trade_id": 139196059, "side": "sell", "size": "1227.60000000", "price": "0.20121000", "time": "2025-07-16T00:38:09.211936Z", "fetched_at": "2025-07-16T00:39:32.804314+00:00", "symbol": "DOGE-USD"}, {"trade_id": 139196058, "side": "sell", "size": "15894.00000000", "price": "0.20121000", "time": "2025-07-16T00:38:09.182956Z", "fetched_at": "2025-07-16T00:39:32.804314+00:00", "symbol": "DOGE-USD"}, {"trade_id": 139196057, "side": "sell", "size": "18085.80000000", "price": "0.20121000", "time": "2025-07-16T00:38:09.178810Z", "fetched_at": "2025-07-16T00:39:32.804314+00:00", "symbol": "DOGE-USD"}, {"trade_id": 139196056, "side": "sell", "size": "3408.60000000", "price": "0.20121000", "time": "2025-07-16T00:38:09.171510Z", "fetched_at": "2025-07-16T00:39:32.804314+00:00", "symbol": "DOGE-USD"}, {"trade_id": 139196055, "side": "sell", "size": "44146.30000000", "price": "0.20121000", "time": "2025-07-16T00:38:09.169331Z", "fetched_at": "2025-07-16T00:39:32.804314+00:00", "symbol": "DOGE-USD"}, {"trade_id": 139196054, "side": "sell", "size": "20139.60000000", "price": "0.20121000", "time": "2025-07-16T00:38:09.159940Z", "fetched_at": "2025-07-16T00:39:32.804314+00:00", "symbol": "DOGE-USD"}, {"trade_id": 139196053, "side": "sell", "size": "5187.40000000", "price": "0.20121000", "time": "2025-07-16T00:38:09.149737Z", "fetched_at": "2025-07-16T00:39:32.804314+00:00", "symbol": "DOGE-USD"}, {"trade_id": 139196052, "side": "sell", "size": "94.30000000", "price": "0.20118000", "time": "2025-07-16T00:38:07.165934Z", "fetched_at": "2025-07-16T00:39:32.804314+00:00", "symbol": "DOGE-USD"}, {"trade_id": 139196051, "side": "sell", "size": "120.80000000", "price": "0.20118000", "time": "2025-07-16T00:38:06.575965Z", "fetched_at": "2025-07-16T00:39:32.804314+00:00", "symbol": "DOGE-USD"}, {"trade_id": 139196050, "side": "sell", "size": "4825.40000000", "price": "0.20121000", "time": "2025-07-16T00:38:05.315351Z", "fetched_at": "2025-07-16T00:39:32.804314+00:00", "symbol": "DOGE-USD"}, {"trade_id": 139196049, "side": "sell", "size": "5.50000000", "price": "0.20120000", "time": "2025-07-16T00:38:05.315351Z", "fetched_at": "2025-07-16T00:39:32.804314+00:00", "symbol": "DOGE-USD"}, {"trade_id": 139196048, "side": "sell", "size": "8677.20000000", "price": "0.20117000", "time": "2025-07-16T00:38:03.804071Z", "fetched_at": "2025-07-16T00:39:32.804314+00:00", "symbol": "DOGE-USD"}, {"trade_id": 139196047, "side": "sell", "size": "41.90000000", "price": "0.20116000", "time": "2025-07-16T00:38:03.804071Z", "fetched_at": "2025-07-16T00:39:32.804314+00:00", "symbol": "DOGE-USD"}, {"trade_id": 139196046, "side": "sell", "size": "1198.10000000", "price": "0.20114000", "time": "2025-07-16T00:38:03.804071Z", "fetched_at": "2025-07-16T00:39:32.804314+00:00", "symbol": "DOGE-USD"}, {"trade_id": 139196045, "side": "buy", "size": "214.10000000", "price": "0.20113000", "time": "2025-07-16T00:38:03.762808Z", "fetched_at": "2025-07-16T00:39:32.804314+00:00", "symbol": "DOGE-USD"}, {"trade_id": 139196044, "side": "sell", "size": "241.60000000", "price": "0.20114000", "time": "2025-07-16T00:38:03.758597Z", "fetched_at": "2025-07-16T00:39:32.804314+00:00", "symbol": "DOGE-USD"}, {"trade_id": 139196043, "side": "sell", "size": "48.30000000", "price": "0.20113000", "time": "2025-07-16T00:38:03.387742Z", "fetched_at": "2025-07-16T00:39:32.804314+00:00", "symbol": "DOGE-USD"}, {"trade_id": 139196042, "side": "buy", "size": "30.60000000", "price": "0.20114000", "time": "2025-07-16T00:38:02.854957Z", "fetched_at": "2025-07-16T00:39:32.804314+00:00", "symbol": "DOGE-USD"}, {"trade_id": 139196041, "side": "buy", "size": "5.50000000", "price": "0.20114000", "time": "2025-07-16T00:38:02.854957Z", "fetched_at": "2025-07-16T00:39:32.804314+00:00", "symbol": "DOGE-USD"}, {"trade_id": 139196040, "side": "buy", "size": "106.10000000", "price": "0.20115000", "time": "2025-07-16T00:38:02.848622Z", "fetched_at": "2025-07-16T00:39:32.804314+00:00", "symbol": "DOGE-USD"}, {"trade_id": 139196039, "side": "buy", "size": "18016.30000000", "price": "0.20115000", "time": "2025-07-16T00:38:02.844956Z", "fetched_at": "2025-07-16T00:39:32.804314+00:00", "symbol": "DOGE-USD"}, {"trade_id": 139196038, "side": "buy", "size": "30.60000000", "price": "0.20117000", "time": "2025-07-16T00:38:02.811702Z", "fetched_at": "2025-07-16T00:39:32.804314+00:00", "symbol": "DOGE-USD"}, {"trade_id": 139196037, "side": "buy", "size": "5.00000000", "price": "0.20118000", "time": "2025-07-16T00:38:02.567601Z", "fetched_at": "2025-07-16T00:39:32.804314+00:00", "symbol": "DOGE-USD"}, {"trade_id": 139196036, "side": "sell", "size": "4.90000000", "price": "0.20118000", "time": "2025-07-16T00:38:01.821320Z", "fetched_at": "2025-07-16T00:39:32.804314+00:00", "symbol": "DOGE-USD"}, {"trade_id": 139196035, "side": "sell", "size": "280.90000000", "price": "0.20119000", "time": "2025-07-16T00:38:01.637675Z", "fetched_at": "2025-07-16T00:39:32.804314+00:00", "symbol": "DOGE-USD"}, {"trade_id": 139196034, "side": "sell", "size": "382.20000000", "price": "0.20119000", "time": "2025-07-16T00:38:01.637675Z", "fetched_at": "2025-07-16T00:39:32.804314+00:00", "symbol": "DOGE-USD"}, {"trade_id": 139196033, "side": "sell", "size": "370.30000000", "price": "0.20119000", "time": "2025-07-16T00:38:01.637675Z", "fetched_at": "2025-07-16T00:39:32.804314+00:00", "symbol": "DOGE-USD"}, {"trade_id": 139196032, "side": "sell", "size": "75.60000000", "price": "0.20120000", "time": "2025-07-16T00:37:59.177015Z", "fetched_at": "2025-07-16T00:39:32.804314+00:00", "symbol": "DOGE-USD"}, {"trade_id": 139196031, "side": "sell", "size": "5.50000000", "price": "0.20120000", "time": "2025-07-16T00:37:59.177015Z", "fetched_at": "2025-07-16T00:39:32.804314+00:00", "symbol": "DOGE-USD"}, {"trade_id": 139196030, "side": "sell", "size": "352.60000000", "price": "0.20113000", "time": "2025-07-16T00:37:56.687580Z", "fetched_at": "2025-07-16T00:39:32.804314+00:00", "symbol": "DOGE-USD"}, {"trade_id": 139196029, "side": "buy", "size": "19.80000000", "price": "0.20112000", "time": "2025-07-16T00:37:55.812719Z", "fetched_at": "2025-07-16T00:39:32.804314+00:00", "symbol": "DOGE-USD"}, {"trade_id": 139196028, "side": "buy", "size": "342.70000000", "price": "0.20112000", "time": "2025-07-16T00:37:55.812719Z", "fetched_at": "2025-07-16T00:39:32.804314+00:00", "symbol": "DOGE-USD"}, {"trade_id": 139196027, "side": "buy", "size": "29.60000000", "price": "0.20118000", "time": "2025-07-16T00:37:51.475322Z", "fetched_at": "2025-07-16T00:39:32.804314+00:00", "symbol": "DOGE-USD"}, {"trade_id": 139196026, "side": "sell", "size": "4674.00000000", "price": "0.20121000", "time": "2025-07-16T00:37:50.427813Z", "fetched_at": "2025-07-16T00:39:32.804314+00:00", "symbol": "DOGE-USD"}, {"trade_id": 139196025, "side": "sell", "size": "8476.10000000", "price": "0.20121000", "time": "2025-07-16T00:37:50.413921Z", "fetched_at": "2025-07-16T00:39:32.804314+00:00", "symbol": "DOGE-USD"}, {"trade_id": 139196024, "side": "buy", "size": "95.40000000", "price": "0.20120000", "time": "2025-07-16T00:37:50.400304Z", "fetched_at": "2025-07-16T00:39:32.804314+00:00", "symbol": "DOGE-USD"}, {"trade_id": 139196023, "side": "sell", "size": "6758.40000000", "price": "0.20121000", "time": "2025-07-16T00:37:50.400177Z", "fetched_at": "2025-07-16T00:39:32.804314+00:00", "symbol": "DOGE-USD"}, {"trade_id": 139196022, "side": "sell", "size": "1528.20000000", "price": "0.20121000", "time": "2025-07-16T00:37:49.607934Z", "fetched_at": "2025-07-16T00:39:32.804314+00:00", "symbol": "DOGE-USD"}, {"trade_id": 139196021, "side": "sell", "size": "55.80000000", "price": "0.20120000", "time": "2025-07-16T00:37:49.607934Z", "fetched_at": "2025-07-16T00:39:32.804314+00:00", "symbol": "DOGE-USD"}, {"trade_id": 139196020, "side": "sell", "size": "1631.30000000", "price": "0.20120000", "time": "2025-07-16T00:37:49.607934Z", "fetched_at": "2025-07-16T00:39:32.804314+00:00", "symbol": "DOGE-USD"}, {"trade_id": 139196019, "side": "sell", "size": "18117.00000000", "price": "0.20119000", "time": "2025-07-16T00:37:49.607934Z", "fetched_at": "2025-07-16T00:39:32.804314+00:00", "symbol": "DOGE-USD"}, {"trade_id": 139196018, "side": "sell", "size": "193.90000000", "price": "0.20118000", "time": "2025-07-16T00:37:49.607934Z", "fetched_at": "2025-07-16T00:39:32.804314+00:00", "symbol": "DOGE-USD"}, {"trade_id": 139196017, "side": "sell", "size": "1474.60000000", "price": "0.20118000", "time": "2025-07-16T00:37:49.607934Z", "fetched_at": "2025-07-16T00:39:32.804314+00:00", "symbol": "DOGE-USD"}, {"trade_id": 139196016, "side": "sell", "size": "1600.40000000", "price": "0.20118000", "time": "2025-07-16T00:37:49.607934Z", "fetched_at": "2025-07-16T00:39:32.804314+00:00", "symbol": "DOGE-USD"}, {"trade_id": 139196015, "side": "sell", "size": "12.20000000", "price": "0.20114000", "time": "2025-07-16T00:37:48.165933Z", "fetched_at": "2025-07-16T00:39:32.804314+00:00", "symbol": "DOGE-USD"}, {"trade_id": 139196014, "side": "buy", "size": "334.40000000", "price": "0.20113000", "time": "2025-07-16T00:37:47.853368Z", "fetched_at": "2025-07-16T00:39:32.804314+00:00", "symbol": "DOGE-USD"}, {"trade_id": 139196013, "side": "buy", "size": "27.70000000", "price": "0.20114000", "time": "2025-07-16T00:37:47.853368Z", "fetched_at": "2025-07-16T00:39:32.804314+00:00", "symbol": "DOGE-USD"}, {"trade_id": 139196012, "side": "sell", "size": "23.70000000", "price": "0.20115000", "time": "2025-07-16T00:37:47.817632Z", "fetched_at": "2025-07-16T00:39:32.804314+00:00", "symbol": "DOGE-USD"}, {"trade_id": 139196011, "side": "sell", "size": "24.30000000", "price": "0.20115000", "time": "2025-07-16T00:37:47.817632Z", "fetched_at": "2025-07-16T00:39:32.804314+00:00", "symbol": "DOGE-USD"}, {"trade_id": 139196010, "side": "sell", "size": "16.60000000", "price": "0.20119000", "time": "2025-07-16T00:37:46.485370Z", "fetched_at": "2025-07-16T00:39:32.804314+00:00", "symbol": "DOGE-USD"}, {"trade_id": 139196009, "side": "sell", "size": "55.80000000", "price": "0.20118000", "time": "2025-07-16T00:37:46.485370Z", "fetched_at": "2025-07-16T00:39:32.804314+00:00", "symbol": "DOGE-USD"}, {"trade_id": 139196008, "side": "buy", "size": "5.50000000", "price": "0.20114000", "time": "2025-07-16T00:37:45.872523Z", "fetched_at": "2025-07-16T00:39:32.804314+00:00", "symbol": "DOGE-USD"}, {"trade_id": 139196007, "side": "sell", "size": "327.80000000", "price": "0.20119000", "time": "2025-07-16T00:37:45.674435Z", "fetched_at": "2025-07-16T00:39:32.804314+00:00", "symbol": "DOGE-USD"}, {"trade_id": 139196006, "side": "sell", "size": "55.80000000", "price": "0.20118000", "time": "2025-07-16T00:37:45.674435Z", "fetched_at": "2025-07-16T00:39:32.804314+00:00", "symbol": "DOGE-USD"}, {"trade_id": 139196005, "side": "sell", "size": "1562.00000000", "price": "0.20117000", "time": "2025-07-16T00:37:45.674435Z", "fetched_at": "2025-07-16T00:39:32.804314+00:00", "symbol": "DOGE-USD"}, {"trade_id": 139196004, "side": "sell", "size": "382.20000000", "price": "0.20115000", "time": "2025-07-16T00:37:45.674435Z", "fetched_at": "2025-07-16T00:39:32.804314+00:00", "symbol": "DOGE-USD"}, {"trade_id": 139196003, "side": "sell", "size": "370.30000000", "price": "0.20115000", "time": "2025-07-16T00:37:45.674435Z", "fetched_at": "2025-07-16T00:39:32.804314+00:00", "symbol": "DOGE-USD"}, {"trade_id": 139196002, "side": "sell", "size": "48.70000000", "price": "0.20115000", "time": "2025-07-16T00:37:45.674435Z", "fetched_at": "2025-07-16T00:39:32.804314+00:00", "symbol": "DOGE-USD"}, {"trade_id": 139196001, "side": "sell", "size": "880.90000000", "price": "0.20121000", "time": "2025-07-16T00:37:44.231741Z", "fetched_at": "2025-07-16T00:39:32.804314+00:00", "symbol": "DOGE-USD"}, {"trade_id": 139196000, "side": "sell", "size": "1531.90000000", "price": "0.20119000", "time": "2025-07-16T00:37:44.231741Z", "fetched_at": "2025-07-16T00:39:32.804314+00:00", "symbol": "DOGE-USD"}, {"trade_id": 139195999, "side": "sell", "size": "3055.30000000", "price": "0.20121000", "time": "2025-07-16T00:37:43.435545Z", "fetched_at": "2025-07-16T00:39:32.804314+00:00", "symbol": "DOGE-USD"}, {"trade_id": 139195998, "side": "sell", "size": "4343.60000000", "price": "0.20121000", "time": "2025-07-16T00:37:43.423301Z", "fetched_at": "2025-07-16T00:39:32.804314+00:00", "symbol": "DOGE-USD"}, {"trade_id": 139195997, "side": "sell", "size": "1214.60000000", "price": "0.20121000", "time": "2025-07-16T00:37:43.405986Z", "fetched_at": "2025-07-16T00:39:32.804314+00:00", "symbol": "DOGE-USD"}, {"trade_id": 139195996, "side": "sell", "size": "5618.20000000", "price": "0.20121000", "time": "2025-07-16T00:37:43.383476Z", "fetched_at": "2025-07-16T00:39:32.804314+00:00", "symbol": "DOGE-USD"}, {"trade_id": 139195995, "side": "sell", "size": "5886.20000000", "price": "0.20121000", "time": "2025-07-16T00:37:43.372370Z", "fetched_at": "2025-07-16T00:39:32.804314+00:00", "symbol": "DOGE-USD"}, {"trade_id": 139195994, "side": "sell", "size": "2527.60000000", "price": "0.20121000", "time": "2025-07-16T00:37:43.348403Z", "fetched_at": "2025-07-16T00:39:32.804314+00:00", "symbol": "DOGE-USD"}, {"trade_id": 139195993, "side": "sell", "size": "2785.30000000", "price": "0.20121000", "time": "2025-07-16T00:37:43.338020Z", "fetched_at": "2025-07-16T00:39:32.804314+00:00", "symbol": "DOGE-USD"}, {"trade_id": 139195992, "side": "sell", "size": "7034.40000000", "price": "0.20121000", "time": "2025-07-16T00:37:43.329242Z", "fetched_at": "2025-07-16T00:39:32.804314+00:00", "symbol": "DOGE-USD"}, {"trade_id": 139195991, "side": "sell", "size": "13312.20000000", "price": "0.20121000", "time": "2025-07-16T00:37:43.327181Z", "fetched_at": "2025-07-16T00:39:32.804314+00:00", "symbol": "DOGE-USD"}, {"trade_id": 139195990, "side": "sell", "size": "1376.50000000", "price": "0.20121000", "time": "2025-07-16T00:37:43.295986Z", "fetched_at": "2025-07-16T00:39:32.804314+00:00", "symbol": "DOGE-USD"}, {"trade_id": 139195989, "side": "sell", "size": "42943.40000000", "price": "0.20121000", "time": "2025-07-16T00:37:43.275864Z", "fetched_at": "2025-07-16T00:39:32.804314+00:00", "symbol": "DOGE-USD"}, {"trade_id": 139195988, "side": "sell", "size": "571.50000000", "price": "0.20117000", "time": "2025-07-16T00:37:42.735301Z", "fetched_at": "2025-07-16T00:39:32.804314+00:00", "symbol": "DOGE-USD"}, {"trade_id": 139195987, "side": "sell", "size": "2574.20000000", "price": "0.20123000", "time": "2025-07-16T00:37:41.488569Z", "fetched_at": "2025-07-16T00:39:32.804314+00:00", "symbol": "DOGE-USD"}, {"trade_id": 139195986, "side": "sell", "size": "81.20000000", "price": "0.20123000", "time": "2025-07-16T00:37:41.488569Z", "fetched_at": "2025-07-16T00:39:32.804314+00:00", "symbol": "DOGE-USD"}, {"trade_id": 139195985, "side": "sell", "size": "700.00000000", "price": "0.20122000", "time": "2025-07-16T00:37:41.488569Z", "fetched_at": "2025-07-16T00:39:32.804314+00:00", "symbol": "DOGE-USD"}, {"trade_id": 139195984, "side": "sell", "size": "55.70000000", "price": "0.20122000", "time": "2025-07-16T00:37:41.488569Z", "fetched_at": "2025-07-16T00:39:32.804314+00:00", "symbol": "DOGE-USD"}, {"trade_id": 139195983, "side": "sell", "size": "1415.70000000", "price": "0.20122000", "time": "2025-07-16T00:37:41.488569Z", "fetched_at": "2025-07-16T00:39:32.804314+00:00", "symbol": "DOGE-USD"}, {"trade_id": 139195982, "side": "buy", "size": "138.00000000", "price": "0.20116000", "time": "2025-07-16T00:37:41.472778Z", "fetched_at": "2025-07-16T00:39:32.804314+00:00", "symbol": "DOGE-USD"}, {"trade_id": 139195981, "side": "buy", "size": "5.50000000", "price": "0.20116000", "time": "2025-07-16T00:37:41.472778Z", "fetched_at": "2025-07-16T00:39:32.804314+00:00", "symbol": "DOGE-USD"}, {"trade_id": 139195980, "side": "buy", "size": "27.30000000", "price": "0.20117000", "time": "2025-07-16T00:37:41.472778Z", "fetched_at": "2025-07-16T00:39:32.804314+00:00", "symbol": "DOGE-USD"}, {"trade_id": 139195979, "side": "buy", "size": "5.50000000", "price": "0.20118000", "time": "2025-07-16T00:37:41.472778Z", "fetched_at": "2025-07-16T00:39:32.804314+00:00", "symbol": "DOGE-USD"}, {"trade_id": 139195978, "side": "buy", "size": "5.50000000", "price": "0.20120000", "time": "2025-07-16T00:37:41.472778Z", "fetched_at": "2025-07-16T00:39:32.804314+00:00", "symbol": "DOGE-USD"}, {"trade_id": 139195977, "side": "buy", "size": "30.60000000", "price": "0.20121000", "time": "2025-07-16T00:37:40.513837Z", "fetched_at": "2025-07-16T00:39:32.804314+00:00", "symbol": "DOGE-USD"}, {"trade_id": 139195976, "side": "buy", "size": "5.50000000", "price": "0.20122000", "time": "2025-07-16T00:37:40.509591Z", "fetched_at": "2025-07-16T00:39:32.804314+00:00", "symbol": "DOGE-USD"}, {"trade_id": 139195975, "side": "buy", "size": "5.50000000", "price": "0.20124000", "time": "2025-07-16T00:37:40.459916Z", "fetched_at": "2025-07-16T00:39:32.804314+00:00", "symbol": "DOGE-USD"}, {"trade_id": 139195974, "side": "buy", "size": "28.60000000", "price": "0.20125000", "time": "2025-07-16T00:37:40.368489Z", "fetched_at": "2025-07-16T00:39:32.804314+00:00", "symbol": "DOGE-USD"}, {"trade_id": 139195973, "side": "buy", "size": "24.80000000", "price": "0.20125000", "time": "2025-07-16T00:37:40.368489Z", "fetched_at": "2025-07-16T00:39:32.804314+00:00", "symbol": "DOGE-USD"}, {"trade_id": 139195972, "side": "buy", "size": "5.50000000", "price": "0.20126000", "time": "2025-07-16T00:37:40.363317Z", "fetched_at": "2025-07-16T00:39:32.804314+00:00", "symbol": "DOGE-USD"}, {"trade_id": 139195971, "side": "sell", "size": "245.80000000", "price": "0.20127000", "time": "2025-07-16T00:37:39.979152Z", "fetched_at": "2025-07-16T00:39:32.804314+00:00", "symbol": "DOGE-USD"}, {"trade_id": 139195970, "side": "buy", "size": "29.90000000", "price": "0.20128000", "time": "2025-07-16T00:37:39.796591Z", "fetched_at": "2025-07-16T00:39:32.804314+00:00", "symbol": "DOGE-USD"}, {"trade_id": 139195969, "side": "buy", "size": "5.50000000", "price": "0.20128000", "time": "2025-07-16T00:37:39.796591Z", "fetched_at": "2025-07-16T00:39:32.804314+00:00", "symbol": "DOGE-USD"}, {"trade_id": 139195968, "side": "sell", "size": "178.80000000", "price": "0.20133000", "time": "2025-07-16T00:37:36.600960Z", "fetched_at": "2025-07-16T00:39:32.804314+00:00", "symbol": "DOGE-USD"}, {"trade_id": 139195967, "side": "sell", "size": "97.30000000", "price": "0.20132000", "time": "2025-07-16T00:37:35.147833Z", "fetched_at": "2025-07-16T00:39:32.804314+00:00", "symbol": "DOGE-USD"}, {"trade_id": 139195966, "side": "sell", "size": "9260.70000000", "price": "0.20135000", "time": "2025-07-16T00:37:34.020141Z", "fetched_at": "2025-07-16T00:39:32.804314+00:00", "symbol": "DOGE-USD"}, {"trade_id": 139195965, "side": "sell", "size": "3.70000000", "price": "0.20133000", "time": "2025-07-16T00:37:34.020141Z", "fetched_at": "2025-07-16T00:39:32.804314+00:00", "symbol": "DOGE-USD"}, {"trade_id": 139195964, "side": "sell", "size": "194.70000000", "price": "0.20132000", "time": "2025-07-16T00:37:34.020141Z", "fetched_at": "2025-07-16T00:39:32.804314+00:00", "symbol": "DOGE-USD"}, {"trade_id": 139195963, "side": "buy", "size": "5.50000000", "price": "0.20134000", "time": "2025-07-16T00:37:33.531888Z", "fetched_at": "2025-07-16T00:39:32.804314+00:00", "symbol": "DOGE-USD"}, {"trade_id": 139195962, "side": "buy", "size": "33.80000000", "price": "0.20136000", "time": "2025-07-16T00:37:28.596719Z", "fetched_at": "2025-07-16T00:39:32.804314+00:00", "symbol": "DOGE-USD"}, {"trade_id": 139195961, "side": "sell", "size": "1593.00000000", "price": "0.20138000", "time": "2025-07-16T00:37:28.476896Z", "fetched_at": "2025-07-16T00:39:32.804314+00:00", "symbol": "DOGE-USD"}, {"trade_id": 139195960, "side": "sell", "size": "5.50000000", "price": "0.20138000", "time": "2025-07-16T00:37:28.476896Z", "fetched_at": "2025-07-16T00:39:32.804314+00:00", "symbol": "DOGE-USD"}, {"trade_id": 139195959, "side": "sell", "size": "500.00000000", "price": "0.20136000", "time": "2025-07-16T00:37:28.473803Z", "fetched_at": "2025-07-16T00:39:32.804314+00:00", "symbol": "DOGE-USD"}, {"trade_id": 139195958, "side": "sell", "size": "55.70000000", "price": "0.20136000", "time": "2025-07-16T00:37:28.473803Z", "fetched_at": "2025-07-16T00:39:32.804314+00:00", "symbol": "DOGE-USD"}, {"trade_id": 139195957, "side": "sell", "size": "5.50000000", "price": "0.20136000", "time": "2025-07-16T00:37:28.473803Z", "fetched_at": "2025-07-16T00:39:32.804314+00:00", "symbol": "DOGE-USD"}, {"trade_id": 139195956, "side": "sell", "size": "700.00000000", "price": "0.20135000", "time": "2025-07-16T00:37:28.473803Z", "fetched_at": "2025-07-16T00:39:32.804314+00:00", "symbol": "DOGE-USD"}, {"trade_id": 139195955, "side": "sell", "size": "206.00000000", "price": "0.20132000", "time": "2025-07-16T00:37:28.473803Z", "fetched_at": "2025-07-16T00:39:32.804314+00:00", "symbol": "DOGE-USD"}, {"trade_id": 139195954, "side": "buy", "size": "211.40000000", "price": "0.20131000", "time": "2025-07-16T00:37:28.425052Z", "fetched_at": "2025-07-16T00:39:32.804314+00:00", "symbol": "DOGE-USD"}, {"trade_id": 139195953, "side": "buy", "size": "33.30000000", "price": "0.20132000", "time": "2025-07-16T00:37:28.425052Z", "fetched_at": "2025-07-16T00:39:32.804314+00:00", "symbol": "DOGE-USD"}, {"trade_id": 139195952, "side": "sell", "size": "125.20000000", "price": "0.20132000", "time": "2025-07-16T00:37:26.959673Z", "fetched_at": "2025-07-16T00:39:32.804314+00:00", "symbol": "DOGE-USD"}, {"trade_id": 139195951, "side": "sell", "size": "389.30000000", "price": "0.20132000", "time": "2025-07-16T00:37:26.959673Z", "fetched_at": "2025-07-16T00:39:32.804314+00:00", "symbol": "DOGE-USD"}, {"trade_id": 139195950, "side": "buy", "size": "847.70000000", "price": "0.20129000", "time": "2025-07-16T00:37:24.891032Z", "fetched_at": "2025-07-16T00:39:32.804314+00:00", "symbol": "DOGE-USD"}, {"trade_id": 139195949, "side": "buy", "size": "1857.40000000", "price": "0.20130000", "time": "2025-07-16T00:37:24.891032Z", "fetched_at": "2025-07-16T00:39:32.804314+00:00", "symbol": "DOGE-USD"}, {"trade_id": 139195948, "side": "buy", "size": "2304.10000000", "price": "0.20130000", "time": "2025-07-16T00:37:24.891032Z", "fetched_at": "2025-07-16T00:39:32.804314+00:00", "symbol": "DOGE-USD"}, {"trade_id": 139195947, "side": "buy", "size": "5.50000000", "price": "0.20130000", "time": "2025-07-16T00:37:24.891032Z", "fetched_at": "2025-07-16T00:39:32.804314+00:00", "symbol": "DOGE-USD"}, {"trade_id": 139195946, "side": "buy", "size": "2500.20000000", "price": "0.20131000", "time": "2025-07-16T00:37:24.891032Z", "fetched_at": "2025-07-16T00:39:32.804314+00:00", "symbol": "DOGE-USD"}, {"trade_id": 139195945, "side": "buy", "size": "26.70000000", "price": "0.20132000", "time": "2025-07-16T00:37:24.891032Z", "fetched_at": "2025-07-16T00:39:32.804314+00:00", "symbol": "DOGE-USD"}, {"trade_id": 139195944, "side": "buy", "size": "189.20000000", "price": "0.20131000", "time": "2025-07-16T00:37:23.918659Z", "fetched_at": "2025-07-16T00:39:32.804314+00:00", "symbol": "DOGE-USD"}, {"trade_id": 139195943, "side": "buy", "size": "2341.60000000", "price": "0.20131000", "time": "2025-07-16T00:37:23.918659Z", "fetched_at": "2025-07-16T00:39:32.804314+00:00", "symbol": "DOGE-USD"}, {"trade_id": 139195942, "side": "buy", "size": "862.70000000", "price": "0.20132000", "time": "2025-07-16T00:37:23.918659Z", "fetched_at": "2025-07-16T00:39:32.804314+00:00", "symbol": "DOGE-USD"}, {"trade_id": 139195941, "side": "buy", "size": "3309.40000000", "price": "0.20132000", "time": "2025-07-16T00:37:23.918659Z", "fetched_at": "2025-07-16T00:39:32.804314+00:00", "symbol": "DOGE-USD"}, {"trade_id": 139195940, "side": "buy", "size": "1593.00000000", "price": "0.20133000", "time": "2025-07-16T00:37:23.918659Z", "fetched_at": "2025-07-16T00:39:32.804314+00:00", "symbol": "DOGE-USD"}, {"trade_id": 139195939, "side": "buy", "size": "1432.10000000", "price": "0.20134000", "time": "2025-07-16T00:37:23.918659Z", "fetched_at": "2025-07-16T00:39:32.804314+00:00", "symbol": "DOGE-USD"}, {"trade_id": 139195938, "side": "buy", "size": "24.10000000", "price": "0.20135000", "time": "2025-07-16T00:37:23.918659Z", "fetched_at": "2025-07-16T00:39:32.804314+00:00", "symbol": "DOGE-USD"}, {"trade_id": 139195937, "side": "buy", "size": "1385.60000000", "price": "0.20135000", "time": "2025-07-16T00:37:23.918659Z", "fetched_at": "2025-07-16T00:39:32.804314+00:00", "symbol": "DOGE-USD"}, {"trade_id": 139195936, "side": "buy", "size": "395.00000000", "price": "0.20135000", "time": "2025-07-16T00:37:23.918659Z", "fetched_at": "2025-07-16T00:39:32.804314+00:00", "symbol": "DOGE-USD"}, {"trade_id": 139195935, "side": "buy", "size": "89778.00000000", "price": "0.20135000", "time": "2025-07-16T00:37:22.075927Z", "fetched_at": "2025-07-16T00:39:32.804314+00:00", "symbol": "DOGE-USD"}, {"trade_id": 139195934, "side": "sell", "size": "4656.00000000", "price": "0.20135000", "time": "2025-07-16T00:37:22.070464Z", "fetched_at": "2025-07-16T00:39:32.804314+00:00", "symbol": "DOGE-USD"}, {"trade_id": 139195933, "side": "sell", "size": "4676.50000000", "price": "0.20135000", "time": "2025-07-16T00:37:22.070464Z", "fetched_at": "2025-07-16T00:39:32.804314+00:00", "symbol": "DOGE-USD"}, {"trade_id": 139195932, "side": "sell", "size": "2283.90000000", "price": "0.20135000", "time": "2025-07-16T00:37:22.070464Z", "fetched_at": "2025-07-16T00:39:32.804314+00:00", "symbol": "DOGE-USD"}, {"trade_id": 139195931, "side": "sell", "size": "4078.00000000", "price": "0.20135000", "time": "2025-07-16T00:37:22.070464Z", "fetched_at": "2025-07-16T00:39:32.804314+00:00", "symbol": "DOGE-USD"}, {"trade_id": 139195930, "side": "sell", "size": "1593.00000000", "price": "0.20135000", "time": "2025-07-16T00:37:22.070464Z", "fetched_at": "2025-07-16T00:39:32.804314+00:00", "symbol": "DOGE-USD"}, {"trade_id": 139195929, "side": "sell", "size": "2323.40000000", "price": "0.20134000", "time": "2025-07-16T00:37:22.070464Z", "fetched_at": "2025-07-16T00:39:32.804314+00:00", "symbol": "DOGE-USD"}, {"trade_id": 139195928, "side": "sell", "size": "3761.70000000", "price": "0.20134000", "time": "2025-07-16T00:37:22.070464Z", "fetched_at": "2025-07-16T00:39:32.804314+00:00", "symbol": "DOGE-USD"}, {"trade_id": 139195927, "side": "sell", "size": "12758.30000000", "price": "0.20134000", "time": "2025-07-16T00:37:22.070464Z", "fetched_at": "2025-07-16T00:39:32.804314+00:00", "symbol": "DOGE-USD"}, {"trade_id": 139195926, "side": "sell", "size": "55.70000000", "price": "0.20133000", "time": "2025-07-16T00:37:22.070464Z", "fetched_at": "2025-07-16T00:39:32.804314+00:00", "symbol": "DOGE-USD"}, {"trade_id": 139195925, "side": "sell", "size": "1438.40000000", "price": "0.20131000", "time": "2025-07-16T00:37:22.070464Z", "fetched_at": "2025-07-16T00:39:32.804314+00:00", "symbol": "DOGE-USD"}, {"trade_id": 139195924, "side": "sell", "size": "1442.10000000", "price": "0.20131000", "time": "2025-07-16T00:37:22.070464Z", "fetched_at": "2025-07-16T00:39:32.804314+00:00", "symbol": "DOGE-USD"}, {"trade_id": 139195923, "side": "sell", "size": "778.60000000", "price": "0.20131000", "time": "2025-07-16T00:37:22.070464Z", "fetched_at": "2025-07-16T00:39:32.804314+00:00", "symbol": "DOGE-USD"}, {"trade_id": 139195922, "side": "buy", "size": "5.00000000", "price": "0.20131000", "time": "2025-07-16T00:37:21.632683Z", "fetched_at": "2025-07-16T00:39:32.804314+00:00", "symbol": "DOGE-USD"}, {"trade_id": 139195921, "side": "sell", "size": "426.10000000", "price": "0.20132000", "time": "2025-07-16T00:37:21.228360Z", "fetched_at": "2025-07-16T00:39:32.804314+00:00", "symbol": "DOGE-USD"}, {"trade_id": 139195920, "side": "buy", "size": "2431.90000000", "price": "0.20132000", "time": "2025-07-16T00:37:18.964203Z", "fetched_at": "2025-07-16T00:39:32.804314+00:00", "symbol": "DOGE-USD"}, {"trade_id": 139195919, "side": "buy", "size": "4967.20000000", "price": "0.20132000", "time": "2025-07-16T00:37:18.964203Z", "fetched_at": "2025-07-16T00:39:32.804314+00:00", "symbol": "DOGE-USD"}, {"trade_id": 139195918, "side": "buy", "size": "5.50000000", "price": "0.20132000", "time": "2025-07-16T00:37:18.964203Z", "fetched_at": "2025-07-16T00:39:32.804314+00:00", "symbol": "DOGE-USD"}, {"trade_id": 139195917, "side": "buy", "size": "862.70000000", "price": "0.20133000", "time": "2025-07-16T00:37:18.964203Z", "fetched_at": "2025-07-16T00:39:32.804314+00:00", "symbol": "DOGE-USD"}, {"trade_id": 139195916, "side": "buy", "size": "28.60000000", "price": "0.20134000", "time": "2025-07-16T00:37:18.964203Z", "fetched_at": "2025-07-16T00:39:32.804314+00:00", "symbol": "DOGE-USD"}, {"trade_id": 139195915, "side": "buy", "size": "5.40000000", "price": "0.20134000", "time": "2025-07-16T00:37:17.968211Z", "fetched_at": "2025-07-16T00:39:32.804314+00:00", "symbol": "DOGE-USD"}, {"trade_id": 139195914, "side": "sell", "size": "268.70000000", "price": "0.20136000", "time": "2025-07-16T00:37:16.311405Z", "fetched_at": "2025-07-16T00:39:32.804314+00:00", "symbol": "DOGE-USD"}, {"trade_id": 139195913, "side": "buy", "size": "20.10000000", "price": "0.20135000", "time": "2025-07-16T00:37:16.178262Z", "fetched_at": "2025-07-16T00:39:32.804314+00:00", "symbol": "DOGE-USD"}, {"trade_id": 139195912, "side": "sell", "size": "43.40000000", "price": "0.20135000", "time": "2025-07-16T00:37:15.709486Z", "fetched_at": "2025-07-16T00:39:32.804314+00:00", "symbol": "DOGE-USD"}, {"trade_id": 139195911, "side": "buy", "size": "147.90000000", "price": "0.20135000", "time": "2025-07-16T00:37:15.311698Z", "fetched_at": "2025-07-16T00:39:32.804314+00:00", "symbol": "DOGE-USD"}, {"trade_id": 139195910, "side": "buy", "size": "700.00000000", "price": "0.20136000", "time": "2025-07-16T00:37:15.311698Z", "fetched_at": "2025-07-16T00:39:32.804314+00:00", "symbol": "DOGE-USD"}, {"trade_id": 139195909, "side": "buy", "size": "9.50000000", "price": "0.20137000", "time": "2025-07-16T00:37:15.311698Z", "fetched_at": "2025-07-16T00:39:32.804314+00:00", "symbol": "DOGE-USD"}, {"trade_id": 139195908, "side": "buy", "size": "395.00000000", "price": "0.20139000", "time": "2025-07-16T00:37:15.311698Z", "fetched_at": "2025-07-16T00:39:32.804314+00:00", "symbol": "DOGE-USD"}, {"trade_id": 139195907, "side": "buy", "size": "5.50000000", "price": "0.20136000", "time": "2025-07-16T00:37:13.858069Z", "fetched_at": "2025-07-16T00:39:32.804314+00:00", "symbol": "DOGE-USD"}, {"trade_id": 139195906, "side": "buy", "size": "18121.20000000", "price": "0.20137000", "time": "2025-07-16T00:37:13.679066Z", "fetched_at": "2025-07-16T00:39:32.804314+00:00", "symbol": "DOGE-USD"}, {"trade_id": 139195905, "side": "buy", "size": "11.00000000", "price": "0.20138000", "time": "2025-07-16T00:37:13.679066Z", "fetched_at": "2025-07-16T00:39:32.804314+00:00", "symbol": "DOGE-USD"}, {"trade_id": 139195904, "side": "buy", "size": "5.50000000", "price": "0.20138000", "time": "2025-07-16T00:37:13.679066Z", "fetched_at": "2025-07-16T00:39:32.804314+00:00", "symbol": "DOGE-USD"}, {"trade_id": 139195903, "side": "buy", "size": "18126.40000000", "price": "0.20140000", "time": "2025-07-16T00:37:12.863886Z", "fetched_at": "2025-07-16T00:39:32.804314+00:00", "symbol": "DOGE-USD"}, {"trade_id": 139195902, "side": "buy", "size": "1593.00000000", "price": "0.20140000", "time": "2025-07-16T00:37:12.863886Z", "fetched_at": "2025-07-16T00:39:32.804314+00:00", "symbol": "DOGE-USD"}, {"trade_id": 139195901, "side": "buy", "size": "10.40000000", "price": "0.20142000", "time": "2025-07-16T00:37:12.863886Z", "fetched_at": "2025-07-16T00:39:32.804314+00:00", "symbol": "DOGE-USD"}, {"trade_id": 139195900, "side": "sell", "size": "5.50000000", "price": "0.20142000", "time": "2025-07-16T00:37:10.358716Z", "fetched_at": "2025-07-16T00:39:32.804314+00:00", "symbol": "DOGE-USD"}, {"trade_id": 139195899, "side": "sell", "size": "126.20000000", "price": "0.20142000", "time": "2025-07-16T00:37:10.358716Z", "fetched_at": "2025-07-16T00:39:32.804314+00:00", "symbol": "DOGE-USD"}, {"trade_id": 139195898, "side": "sell", "size": "34216.90000000", "price": "0.20142000", "time": "2025-07-16T00:37:10.358716Z", "fetched_at": "2025-07-16T00:39:32.804314+00:00", "symbol": "DOGE-USD"}, {"trade_id": 139195897, "side": "sell", "size": "28317.60000000", "price": "0.20142000", "time": "2025-07-16T00:37:10.355102Z", "fetched_at": "2025-07-16T00:39:32.804314+00:00", "symbol": "DOGE-USD"}, {"trade_id": 139195896, "side": "sell", "size": "6696.50000000", "price": "0.20142000", "time": "2025-07-16T00:37:10.247728Z", "fetched_at": "2025-07-16T00:39:32.804314+00:00", "symbol": "DOGE-USD"}, {"trade_id": 139195895, "side": "sell", "size": "49.70000000", "price": "0.20142000", "time": "2025-07-16T00:37:10.247728Z", "fetched_at": "2025-07-16T00:39:32.804314+00:00", "symbol": "DOGE-USD"}, {"trade_id": 139195894, "side": "sell", "size": "27.20000000", "price": "0.20141000", "time": "2025-07-16T00:37:10.247728Z", "fetched_at": "2025-07-16T00:39:32.804314+00:00", "symbol": "DOGE-USD"}, {"trade_id": 139195893, "side": "buy", "size": "973.10000000", "price": "0.20140000", "time": "2025-07-16T00:37:09.929645Z", "fetched_at": "2025-07-16T00:39:32.804314+00:00", "symbol": "DOGE-USD"}, {"trade_id": 139195892, "side": "buy", "size": "395.00000000", "price": "0.20139000", "time": "2025-07-16T00:37:08.913513Z", "fetched_at": "2025-07-16T00:39:32.804314+00:00", "symbol": "DOGE-USD"}, {"trade_id": 139195891, "side": "sell", "size": "864.60000000", "price": "0.20136000", "time": "2025-07-16T00:37:08.809548Z", "fetched_at": "2025-07-16T00:39:32.804314+00:00", "symbol": "DOGE-USD"}, {"trade_id": 139195890, "side": "sell", "size": "6354.60000000", "price": "0.20140000", "time": "2025-07-16T00:37:06.774556Z", "fetched_at": "2025-07-16T00:39:32.804314+00:00", "symbol": "DOGE-USD"}, {"trade_id": 139195889, "side": "sell", "size": "18135.10000000", "price": "0.20140000", "time": "2025-07-16T00:37:06.774556Z", "fetched_at": "2025-07-16T00:39:32.804314+00:00", "symbol": "DOGE-USD"}, {"trade_id": 139195888, "side": "sell", "size": "12758.30000000", "price": "0.20140000", "time": "2025-07-16T00:37:06.774556Z", "fetched_at": "2025-07-16T00:39:32.804314+00:00", "symbol": "DOGE-USD"}, {"trade_id": 139195887, "side": "sell", "size": "195.90000000", "price": "0.20140000", "time": "2025-07-16T00:37:06.774556Z", "fetched_at": "2025-07-16T00:39:32.804314+00:00", "symbol": "DOGE-USD"}, {"trade_id": 139195886, "side": "sell", "size": "5.50000000", "price": "0.20140000", "time": "2025-07-16T00:37:06.774556Z", "fetched_at": "2025-07-16T00:39:32.804314+00:00", "symbol": "DOGE-USD"}, {"trade_id": 139195885, "side": "sell", "size": "0.20000000", "price": "0.20140000", "time": "2025-07-16T00:37:06.774556Z", "fetched_at": "2025-07-16T00:39:32.804314+00:00", "symbol": "DOGE-USD"}, {"trade_id": 139195884, "side": "sell", "size": "86.30000000", "price": "0.20140000", "time": "2025-07-16T00:37:06.774556Z", "fetched_at": "2025-07-16T00:39:32.804314+00:00", "symbol": "DOGE-USD"}, {"trade_id": 139195883, "side": "sell", "size": "22783.10000000", "price": "0.20139000", "time": "2025-07-16T00:37:06.774556Z", "fetched_at": "2025-07-16T00:39:32.804314+00:00", "symbol": "DOGE-USD"}, {"trade_id": 139195882, "side": "sell", "size": "57.00000000", "price": "0.20139000", "time": "2025-07-16T00:37:06.774556Z", "fetched_at": "2025-07-16T00:39:32.804314+00:00", "symbol": "DOGE-USD"}, {"trade_id": 139195881, "side": "sell", "size": "4627.50000000", "price": "0.20138000", "time": "2025-07-16T00:37:06.774556Z", "fetched_at": "2025-07-16T00:39:32.804314+00:00", "symbol": "DOGE-USD"}, {"trade_id": 139195880, "side": "sell", "size": "4644.40000000", "price": "0.20138000", "time": "2025-07-16T00:37:06.774556Z", "fetched_at": "2025-07-16T00:39:32.804314+00:00", "symbol": "DOGE-USD"}, {"trade_id": 139195879, "side": "sell", "size": "5.50000000", "price": "0.20138000", "time": "2025-07-16T00:37:06.774556Z", "fetched_at": "2025-07-16T00:39:32.804314+00:00", "symbol": "DOGE-USD"}, {"trade_id": 139195878, "side": "sell", "size": "101.40000000", "price": "0.20138000", "time": "2025-07-16T00:37:06.774556Z", "fetched_at": "2025-07-16T00:39:32.804314+00:00", "symbol": "DOGE-USD"}, {"trade_id": 139195877, "side": "sell", "size": "19.40000000", "price": "0.20138000", "time": "2025-07-16T00:37:06.774556Z", "fetched_at": "2025-07-16T00:39:32.804314+00:00", "symbol": "DOGE-USD"}, {"trade_id": 139195876, "side": "sell", "size": "55.70000000", "price": "0.20137000", "time": "2025-07-16T00:37:06.774556Z", "fetched_at": "2025-07-16T00:39:32.804314+00:00", "symbol": "DOGE-USD"}, {"trade_id": 139195875, "side": "sell", "size": "176.20000000", "price": "0.20137000", "time": "2025-07-16T00:37:06.774556Z", "fetched_at": "2025-07-16T00:39:32.804314+00:00", "symbol": "DOGE-USD"}, {"trade_id": 139195874, "side": "sell", "size": "864.60000000", "price": "0.20136000", "time": "2025-07-16T00:37:06.774556Z", "fetched_at": "2025-07-16T00:39:32.804314+00:00", "symbol": "DOGE-USD"}, {"trade_id": 139195873, "side": "sell", "size": "864.60000000", "price": "0.20136000", "time": "2025-07-16T00:37:06.774556Z", "fetched_at": "2025-07-16T00:39:32.804314+00:00", "symbol": "DOGE-USD"}, {"trade_id": 139195872, "side": "sell", "size": "2926.80000000", "price": "0.20136000", "time": "2025-07-16T00:37:06.774556Z", "fetched_at": "2025-07-16T00:39:32.804314+00:00", "symbol": "DOGE-USD"}, {"trade_id": 139195871, "side": "sell", "size": "175.80000000", "price": "0.20136000", "time": "2025-07-16T00:37:06.774556Z", "fetched_at": "2025-07-16T00:39:32.804314+00:00", "symbol": "DOGE-USD"}, {"trade_id": 139195870, "side": "sell", "size": "5.50000000", "price": "0.20136000", "time": "2025-07-16T00:37:06.774556Z", "fetched_at": "2025-07-16T00:39:32.804314+00:00", "symbol": "DOGE-USD"}, {"trade_id": 139195869, "side": "sell", "size": "202.40000000", "price": "0.20136000", "time": "2025-07-16T00:37:06.774556Z", "fetched_at": "2025-07-16T00:39:32.804314+00:00", "symbol": "DOGE-USD"}, {"trade_id": 139195868, "side": "sell", "size": "1484.60000000", "price": "0.20135000", "time": "2025-07-16T00:37:06.774556Z", "fetched_at": "2025-07-16T00:39:32.804314+00:00", "symbol": "DOGE-USD"}, {"trade_id": 139195867, "side": "sell", "size": "131.10000000", "price": "0.20135000", "time": "2025-07-16T00:37:06.774556Z", "fetched_at": "2025-07-16T00:39:32.804314+00:00", "symbol": "DOGE-USD"}, {"trade_id": 139195866, "side": "sell", "size": "1631.60000000", "price": "0.20134000", "time": "2025-07-16T00:37:06.774556Z", "fetched_at": "2025-07-16T00:39:32.804314+00:00", "symbol": "DOGE-USD"}, {"trade_id": 139195865, "side": "sell", "size": "23.40000000", "price": "0.20134000", "time": "2025-07-16T00:37:06.430860Z", "fetched_at": "2025-07-16T00:39:32.804314+00:00", "symbol": "DOGE-USD"}