[{"trade_id": 139189684, "side": "buy", "size": "5.60000000", "price": "0.19788000", "time": "2025-07-15T23:23:20.564071Z", "fetched_at": "2025-07-15T23:23:24.557102+00:00", "symbol": "DOGE-USD"}, {"trade_id": 139189683, "side": "buy", "size": "35.90000000", "price": "0.19789000", "time": "2025-07-15T23:23:19.738483Z", "fetched_at": "2025-07-15T23:23:24.557102+00:00", "symbol": "DOGE-USD"}, {"trade_id": 139189682, "side": "buy", "size": "67.90000000", "price": "0.19789000", "time": "2025-07-15T23:23:19.573678Z", "fetched_at": "2025-07-15T23:23:24.557102+00:00", "symbol": "DOGE-USD"}, {"trade_id": 139189681, "side": "buy", "size": "82.50000000", "price": "0.19789000", "time": "2025-07-15T23:23:19.538633Z", "fetched_at": "2025-07-15T23:23:24.557102+00:00", "symbol": "DOGE-USD"}, {"trade_id": 139189680, "side": "buy", "size": "56.70000000", "price": "0.19790000", "time": "2025-07-15T23:23:19.538633Z", "fetched_at": "2025-07-15T23:23:24.557102+00:00", "symbol": "DOGE-USD"}, {"trade_id": 139189679, "side": "buy", "size": "5.60000000", "price": "0.19790000", "time": "2025-07-15T23:23:19.538633Z", "fetched_at": "2025-07-15T23:23:24.557102+00:00", "symbol": "DOGE-USD"}, {"trade_id": 139189678, "side": "buy", "size": "56.70000000", "price": "0.19792000", "time": "2025-07-15T23:23:19.055186Z", "fetched_at": "2025-07-15T23:23:24.557102+00:00", "symbol": "DOGE-USD"}, {"trade_id": 139189677, "side": "buy", "size": "5.60000000", "price": "0.19792000", "time": "2025-07-15T23:23:19.055186Z", "fetched_at": "2025-07-15T23:23:24.557102+00:00", "symbol": "DOGE-USD"}, {"trade_id": 139189676, "side": "sell", "size": "1063.00000000", "price": "0.19796000", "time": "2025-07-15T23:23:18.893855Z", "fetched_at": "2025-07-15T23:23:24.557102+00:00", "symbol": "DOGE-USD"}, {"trade_id": 139189675, "side": "sell", "size": "436.60000000", "price": "0.19796000", "time": "2025-07-15T23:23:18.893855Z", "fetched_at": "2025-07-15T23:23:24.557102+00:00", "symbol": "DOGE-USD"}, {"trade_id": 139189674, "side": "buy", "size": "145.40000000", "price": "0.19795000", "time": "2025-07-15T23:23:18.623450Z", "fetched_at": "2025-07-15T23:23:24.557102+00:00", "symbol": "DOGE-USD"}, {"trade_id": 139189673, "side": "buy", "size": "56.70000000", "price": "0.19796000", "time": "2025-07-15T23:23:18.623450Z", "fetched_at": "2025-07-15T23:23:24.557102+00:00", "symbol": "DOGE-USD"}, {"trade_id": 139189672, "side": "sell", "size": "5.60000000", "price": "0.19796000", "time": "2025-07-15T23:23:15.810244Z", "fetched_at": "2025-07-15T23:23:24.557102+00:00", "symbol": "DOGE-USD"}, {"trade_id": 139189671, "side": "buy", "size": "143.60000000", "price": "0.19795000", "time": "2025-07-15T23:23:15.805219Z", "fetched_at": "2025-07-15T23:23:24.557102+00:00", "symbol": "DOGE-USD"}, {"trade_id": 139189670, "side": "buy", "size": "56.70000000", "price": "0.19794000", "time": "2025-07-15T23:23:15.434429Z", "fetched_at": "2025-07-15T23:23:24.557102+00:00", "symbol": "DOGE-USD"}, {"trade_id": 139189669, "side": "sell", "size": "5.60000000", "price": "0.19794000", "time": "2025-07-15T23:23:14.960579Z", "fetched_at": "2025-07-15T23:23:24.557102+00:00", "symbol": "DOGE-USD"}, {"trade_id": 139189668, "side": "buy", "size": "415.50000000", "price": "0.19792000", "time": "2025-07-15T23:23:14.564778Z", "fetched_at": "2025-07-15T23:23:24.557102+00:00", "symbol": "DOGE-USD"}, {"trade_id": 139189667, "side": "buy", "size": "4090.90000000", "price": "0.19789000", "time": "2025-07-15T23:23:13.270862Z", "fetched_at": "2025-07-15T23:23:24.557102+00:00", "symbol": "DOGE-USD"}, {"trade_id": 139189666, "side": "buy", "size": "5.60000000", "price": "0.19790000", "time": "2025-07-15T23:23:13.270862Z", "fetched_at": "2025-07-15T23:23:24.557102+00:00", "symbol": "DOGE-USD"}, {"trade_id": 139189665, "side": "buy", "size": "487.10000000", "price": "0.19790000", "time": "2025-07-15T23:23:13.270862Z", "fetched_at": "2025-07-15T23:23:24.557102+00:00", "symbol": "DOGE-USD"}, {"trade_id": 139189664, "side": "sell", "size": "11.70000000", "price": "0.19793000", "time": "2025-07-15T23:23:10.353047Z", "fetched_at": "2025-07-15T23:23:24.557102+00:00", "symbol": "DOGE-USD"}, {"trade_id": 139189663, "side": "buy", "size": "31.40000000", "price": "0.19790000", "time": "2025-07-15T23:23:10.042535Z", "fetched_at": "2025-07-15T23:23:24.557102+00:00", "symbol": "DOGE-USD"}, {"trade_id": 139189662, "side": "buy", "size": "15.50000000", "price": "0.19790000", "time": "2025-07-15T23:23:09.615811Z", "fetched_at": "2025-07-15T23:23:24.557102+00:00", "symbol": "DOGE-USD"}, {"trade_id": 139189661, "side": "buy", "size": "57.70000000", "price": "0.19790000", "time": "2025-07-15T23:23:09.429360Z", "fetched_at": "2025-07-15T23:23:24.557102+00:00", "symbol": "DOGE-USD"}, {"trade_id": 139189660, "side": "buy", "size": "103.30000000", "price": "0.19792000", "time": "2025-07-15T23:23:09.058273Z", "fetched_at": "2025-07-15T23:23:24.557102+00:00", "symbol": "DOGE-USD"}, {"trade_id": 139189659, "side": "sell", "size": "483.30000000", "price": "0.19791000", "time": "2025-07-15T23:23:07.153658Z", "fetched_at": "2025-07-15T23:23:24.557102+00:00", "symbol": "DOGE-USD"}, {"trade_id": 139189658, "side": "buy", "size": "1632.30000000", "price": "0.19791000", "time": "2025-07-15T23:23:07.148846Z", "fetched_at": "2025-07-15T23:23:24.557102+00:00", "symbol": "DOGE-USD"}, {"trade_id": 139189657, "side": "buy", "size": "56.70000000", "price": "0.19791000", "time": "2025-07-15T23:23:07.148846Z", "fetched_at": "2025-07-15T23:23:24.557102+00:00", "symbol": "DOGE-USD"}, {"trade_id": 139189656, "side": "buy", "size": "415.30000000", "price": "0.19790000", "time": "2025-07-15T23:23:04.621389Z", "fetched_at": "2025-07-15T23:23:24.557102+00:00", "symbol": "DOGE-USD"}, {"trade_id": 139189655, "side": "buy", "size": "20.40000000", "price": "0.19792000", "time": "2025-07-15T23:23:04.060524Z", "fetched_at": "2025-07-15T23:23:24.557102+00:00", "symbol": "DOGE-USD"}, {"trade_id": 139189654, "side": "buy", "size": "51.50000000", "price": "0.19792000", "time": "2025-07-15T23:23:04.034579Z", "fetched_at": "2025-07-15T23:23:24.557102+00:00", "symbol": "DOGE-USD"}, {"trade_id": 139189653, "side": "buy", "size": "220.40000000", "price": "0.19791000", "time": "2025-07-15T23:23:03.703823Z", "fetched_at": "2025-07-15T23:23:24.557102+00:00", "symbol": "DOGE-USD"}, {"trade_id": 139189652, "side": "sell", "size": "100.00000000", "price": "0.19796000", "time": "2025-07-15T23:23:02.912772Z", "fetched_at": "2025-07-15T23:23:24.557102+00:00", "symbol": "DOGE-USD"}, {"trade_id": 139189651, "side": "sell", "size": "25.00000000", "price": "0.19796000", "time": "2025-07-15T23:23:02.776481Z", "fetched_at": "2025-07-15T23:23:24.557102+00:00", "symbol": "DOGE-USD"}, {"trade_id": 139189650, "side": "buy", "size": "41.40000000", "price": "0.19795000", "time": "2025-07-15T23:23:02.096438Z", "fetched_at": "2025-07-15T23:23:24.557102+00:00", "symbol": "DOGE-USD"}, {"trade_id": 139189649, "side": "buy", "size": "41.40000000", "price": "0.19795000", "time": "2025-07-15T23:23:02.067302Z", "fetched_at": "2025-07-15T23:23:24.557102+00:00", "symbol": "DOGE-USD"}, {"trade_id": 139189648, "side": "buy", "size": "18764.40000000", "price": "0.19792000", "time": "2025-07-15T23:23:00.897194Z", "fetched_at": "2025-07-15T23:23:24.557102+00:00", "symbol": "DOGE-USD"}, {"trade_id": 139189647, "side": "buy", "size": "4020.70000000", "price": "0.19792000", "time": "2025-07-15T23:23:00.897194Z", "fetched_at": "2025-07-15T23:23:24.557102+00:00", "symbol": "DOGE-USD"}, {"trade_id": 139189646, "side": "buy", "size": "56.70000000", "price": "0.19793000", "time": "2025-07-15T23:23:00.897194Z", "fetched_at": "2025-07-15T23:23:24.557102+00:00", "symbol": "DOGE-USD"}, {"trade_id": 139189645, "side": "sell", "size": "5.60000000", "price": "0.19798000", "time": "2025-07-15T23:22:59.250268Z", "fetched_at": "2025-07-15T23:23:24.557102+00:00", "symbol": "DOGE-USD"}, {"trade_id": 139189644, "side": "buy", "size": "31.00000000", "price": "0.19793000", "time": "2025-07-15T23:22:57.066290Z", "fetched_at": "2025-07-15T23:23:24.557102+00:00", "symbol": "DOGE-USD"}, {"trade_id": 139189643, "side": "buy", "size": "46.20000000", "price": "0.19792000", "time": "2025-07-15T23:22:56.997260Z", "fetched_at": "2025-07-15T23:23:24.557102+00:00", "symbol": "DOGE-USD"}, {"trade_id": 139189642, "side": "buy", "size": "5.60000000", "price": "0.19792000", "time": "2025-07-15T23:22:56.997260Z", "fetched_at": "2025-07-15T23:23:24.557102+00:00", "symbol": "DOGE-USD"}, {"trade_id": 139189641, "side": "buy", "size": "41.40000000", "price": "0.19793000", "time": "2025-07-15T23:22:56.993908Z", "fetched_at": "2025-07-15T23:23:24.557102+00:00", "symbol": "DOGE-USD"}, {"trade_id": 139189640, "side": "buy", "size": "51.80000000", "price": "0.19793000", "time": "2025-07-15T23:22:56.953072Z", "fetched_at": "2025-07-15T23:23:24.557102+00:00", "symbol": "DOGE-USD"}, {"trade_id": 139189639, "side": "sell", "size": "41.80000000", "price": "0.19795000", "time": "2025-07-15T23:22:56.544113Z", "fetched_at": "2025-07-15T23:23:24.557102+00:00", "symbol": "DOGE-USD"}, {"trade_id": 139189638, "side": "sell", "size": "7.60000000", "price": "0.19794000", "time": "2025-07-15T23:22:56.544113Z", "fetched_at": "2025-07-15T23:23:24.557102+00:00", "symbol": "DOGE-USD"}, {"trade_id": 139189637, "side": "buy", "size": "25.70000000", "price": "0.19796000", "time": "2025-07-15T23:22:54.685991Z", "fetched_at": "2025-07-15T23:23:24.557102+00:00", "symbol": "DOGE-USD"}, {"trade_id": 139189636, "side": "sell", "size": "2778.70000000", "price": "0.19796000", "time": "2025-07-15T23:22:54.621300Z", "fetched_at": "2025-07-15T23:23:24.557102+00:00", "symbol": "DOGE-USD"}, {"trade_id": 139189635, "side": "sell", "size": "16001.20000000", "price": "0.19796000", "time": "2025-07-15T23:22:54.619455Z", "fetched_at": "2025-07-15T23:23:24.557102+00:00", "symbol": "DOGE-USD"}, {"trade_id": 139189634, "side": "sell", "size": "5.60000000", "price": "0.19796000", "time": "2025-07-15T23:22:54.619455Z", "fetched_at": "2025-07-15T23:23:24.557102+00:00", "symbol": "DOGE-USD"}, {"trade_id": 139189633, "side": "sell", "size": "22.40000000", "price": "0.19795000", "time": "2025-07-15T23:22:54.619455Z", "fetched_at": "2025-07-15T23:23:24.557102+00:00", "symbol": "DOGE-USD"}, {"trade_id": 139189632, "side": "sell", "size": "5.60000000", "price": "0.19794000", "time": "2025-07-15T23:22:54.619437Z", "fetched_at": "2025-07-15T23:23:24.557102+00:00", "symbol": "DOGE-USD"}, {"trade_id": 139189631, "side": "buy", "size": "412.40000000", "price": "0.19792000", "time": "2025-07-15T23:22:53.345092Z", "fetched_at": "2025-07-15T23:23:24.557102+00:00", "symbol": "DOGE-USD"}, {"trade_id": 139189630, "side": "sell", "size": "5.60000000", "price": "0.19792000", "time": "2025-07-15T23:22:49.124817Z", "fetched_at": "2025-07-15T23:23:24.557102+00:00", "symbol": "DOGE-USD"}, {"trade_id": 139189629, "side": "sell", "size": "5.60000000", "price": "0.19790000", "time": "2025-07-15T23:22:48.808288Z", "fetched_at": "2025-07-15T23:23:24.557102+00:00", "symbol": "DOGE-USD"}, {"trade_id": 139189628, "side": "buy", "size": "31.30000000", "price": "0.19788000", "time": "2025-07-15T23:22:46.906235Z", "fetched_at": "2025-07-15T23:23:24.557102+00:00", "symbol": "DOGE-USD"}, {"trade_id": 139189627, "side": "buy", "size": "61.80000000", "price": "0.19787000", "time": "2025-07-15T23:22:46.174275Z", "fetched_at": "2025-07-15T23:23:24.557102+00:00", "symbol": "DOGE-USD"}, {"trade_id": 139189626, "side": "buy", "size": "15.40000000", "price": "0.19788000", "time": "2025-07-15T23:22:45.067466Z", "fetched_at": "2025-07-15T23:23:24.557102+00:00", "symbol": "DOGE-USD"}, {"trade_id": 139189625, "side": "buy", "size": "20.60000000", "price": "0.19787000", "time": "2025-07-15T23:22:44.797134Z", "fetched_at": "2025-07-15T23:23:24.557102+00:00", "symbol": "DOGE-USD"}, {"trade_id": 139189624, "side": "buy", "size": "1449.50000000", "price": "0.19780000", "time": "2025-07-15T23:22:44.337552Z", "fetched_at": "2025-07-15T23:23:24.557102+00:00", "symbol": "DOGE-USD"}, {"trade_id": 139189623, "side": "buy", "size": "1593.00000000", "price": "0.19780000", "time": "2025-07-15T23:22:44.337552Z", "fetched_at": "2025-07-15T23:23:24.557102+00:00", "symbol": "DOGE-USD"}, {"trade_id": 139189622, "side": "buy", "size": "6909.40000000", "price": "0.19781000", "time": "2025-07-15T23:22:44.337552Z", "fetched_at": "2025-07-15T23:23:24.557102+00:00", "symbol": "DOGE-USD"}, {"trade_id": 139189621, "side": "buy", "size": "1649.70000000", "price": "0.19782000", "time": "2025-07-15T23:22:44.337552Z", "fetched_at": "2025-07-15T23:23:24.557102+00:00", "symbol": "DOGE-USD"}, {"trade_id": 139189620, "side": "buy", "size": "6909.40000000", "price": "0.19782000", "time": "2025-07-15T23:22:44.337552Z", "fetched_at": "2025-07-15T23:23:24.557102+00:00", "symbol": "DOGE-USD"}, {"trade_id": 139189619, "side": "buy", "size": "5.60000000", "price": "0.19782000", "time": "2025-07-15T23:22:44.337552Z", "fetched_at": "2025-07-15T23:23:24.557102+00:00", "symbol": "DOGE-USD"}, {"trade_id": 139189618, "side": "buy", "size": "6909.40000000", "price": "0.19783000", "time": "2025-07-15T23:22:44.337552Z", "fetched_at": "2025-07-15T23:23:24.557102+00:00", "symbol": "DOGE-USD"}, {"trade_id": 139189617, "side": "buy", "size": "2293.10000000", "price": "0.19783000", "time": "2025-07-15T23:22:44.337552Z", "fetched_at": "2025-07-15T23:23:24.557102+00:00", "symbol": "DOGE-USD"}, {"trade_id": 139189616, "side": "buy", "size": "1649.70000000", "price": "0.19783000", "time": "2025-07-15T23:22:44.337552Z", "fetched_at": "2025-07-15T23:23:24.557102+00:00", "symbol": "DOGE-USD"}, {"trade_id": 139189615, "side": "buy", "size": "1595.30000000", "price": "0.19784000", "time": "2025-07-15T23:22:44.337552Z", "fetched_at": "2025-07-15T23:23:24.557102+00:00", "symbol": "DOGE-USD"}, {"trade_id": 139189614, "side": "buy", "size": "1593.00000000", "price": "0.19785000", "time": "2025-07-15T23:22:44.337552Z", "fetched_at": "2025-07-15T23:23:24.557102+00:00", "symbol": "DOGE-USD"}, {"trade_id": 139189613, "side": "buy", "size": "56.70000000", "price": "0.19785000", "time": "2025-07-15T23:22:44.337552Z", "fetched_at": "2025-07-15T23:23:24.557102+00:00", "symbol": "DOGE-USD"}, {"trade_id": 139189612, "side": "buy", "size": "719.20000000", "price": "0.19787000", "time": "2025-07-15T23:22:44.337552Z", "fetched_at": "2025-07-15T23:23:24.557102+00:00", "symbol": "DOGE-USD"}, {"trade_id": 139189611, "side": "buy", "size": "310.90000000", "price": "0.19788000", "time": "2025-07-15T23:22:39.892138Z", "fetched_at": "2025-07-15T23:23:24.557102+00:00", "symbol": "DOGE-USD"}, {"trade_id": 139189610, "side": "sell", "size": "3.50000000", "price": "0.19789000", "time": "2025-07-15T23:22:39.705301Z", "fetched_at": "2025-07-15T23:23:24.557102+00:00", "symbol": "DOGE-USD"}, {"trade_id": 139189609, "side": "sell", "size": "5.60000000", "price": "0.19788000", "time": "2025-07-15T23:22:37.715313Z", "fetched_at": "2025-07-15T23:23:24.557102+00:00", "symbol": "DOGE-USD"}, {"trade_id": 139189608, "side": "sell", "size": "30.10000000", "price": "0.19786000", "time": "2025-07-15T23:22:35.824463Z", "fetched_at": "2025-07-15T23:23:24.557102+00:00", "symbol": "DOGE-USD"}, {"trade_id": 139189607, "side": "sell", "size": "30.10000000", "price": "0.19786000", "time": "2025-07-15T23:22:35.812961Z", "fetched_at": "2025-07-15T23:23:24.557102+00:00", "symbol": "DOGE-USD"}, {"trade_id": 139189606, "side": "sell", "size": "5.60000000", "price": "0.19786000", "time": "2025-07-15T23:22:35.812961Z", "fetched_at": "2025-07-15T23:23:24.557102+00:00", "symbol": "DOGE-USD"}, {"trade_id": 139189605, "side": "sell", "size": "5.60000000", "price": "0.19784000", "time": "2025-07-15T23:22:35.659387Z", "fetched_at": "2025-07-15T23:23:24.557102+00:00", "symbol": "DOGE-USD"}, {"trade_id": 139189604, "side": "sell", "size": "1549.30000000", "price": "0.19782000", "time": "2025-07-15T23:22:34.939983Z", "fetched_at": "2025-07-15T23:23:24.557102+00:00", "symbol": "DOGE-USD"}, {"trade_id": 139189603, "side": "sell", "size": "36.40000000", "price": "0.19782000", "time": "2025-07-15T23:22:34.709031Z", "fetched_at": "2025-07-15T23:23:24.557102+00:00", "symbol": "DOGE-USD"}, {"trade_id": 139189602, "side": "sell", "size": "5.60000000", "price": "0.19782000", "time": "2025-07-15T23:22:34.696443Z", "fetched_at": "2025-07-15T23:23:24.557102+00:00", "symbol": "DOGE-USD"}, {"trade_id": 139189601, "side": "sell", "size": "7407.50000000", "price": "0.19781000", "time": "2025-07-15T23:22:34.604898Z", "fetched_at": "2025-07-15T23:23:24.557102+00:00", "symbol": "DOGE-USD"}, {"trade_id": 139189600, "side": "sell", "size": "36.40000000", "price": "0.19780000", "time": "2025-07-15T23:22:34.586560Z", "fetched_at": "2025-07-15T23:23:24.557102+00:00", "symbol": "DOGE-USD"}, {"trade_id": 139189599, "side": "sell", "size": "5.60000000", "price": "0.19780000", "time": "2025-07-15T23:22:34.586560Z", "fetched_at": "2025-07-15T23:23:24.557102+00:00", "symbol": "DOGE-USD"}, {"trade_id": 139189598, "side": "sell", "size": "36.40000000", "price": "0.19779000", "time": "2025-07-15T23:22:34.381003Z", "fetched_at": "2025-07-15T23:23:24.557102+00:00", "symbol": "DOGE-USD"}, {"trade_id": 139189597, "side": "sell", "size": "36.40000000", "price": "0.19779000", "time": "2025-07-15T23:22:34.366675Z", "fetched_at": "2025-07-15T23:23:24.557102+00:00", "symbol": "DOGE-USD"}, {"trade_id": 139189596, "side": "sell", "size": "36.40000000", "price": "0.19779000", "time": "2025-07-15T23:22:34.352093Z", "fetched_at": "2025-07-15T23:23:24.557102+00:00", "symbol": "DOGE-USD"}, {"trade_id": 139189595, "side": "sell", "size": "36.40000000", "price": "0.19779000", "time": "2025-07-15T23:22:34.324430Z", "fetched_at": "2025-07-15T23:23:24.557102+00:00", "symbol": "DOGE-USD"}, {"trade_id": 139189594, "side": "sell", "size": "5.60000000", "price": "0.19778000", "time": "2025-07-15T23:22:33.961217Z", "fetched_at": "2025-07-15T23:23:24.557102+00:00", "symbol": "DOGE-USD"}, {"trade_id": 139189593, "side": "sell", "size": "122.80000000", "price": "0.19777000", "time": "2025-07-15T23:22:33.361134Z", "fetched_at": "2025-07-15T23:23:24.557102+00:00", "symbol": "DOGE-USD"}, {"trade_id": 139189592, "side": "sell", "size": "1426.60000000", "price": "0.19777000", "time": "2025-07-15T23:22:32.699077Z", "fetched_at": "2025-07-15T23:23:24.557102+00:00", "symbol": "DOGE-USD"}, {"trade_id": 139189591, "side": "sell", "size": "1468.80000000", "price": "0.19773000", "time": "2025-07-15T23:22:30.295484Z", "fetched_at": "2025-07-15T23:23:24.557102+00:00", "symbol": "DOGE-USD"}, {"trade_id": 139189590, "side": "sell", "size": "322.20000000", "price": "0.19772000", "time": "2025-07-15T23:22:29.850271Z", "fetched_at": "2025-07-15T23:23:24.557102+00:00", "symbol": "DOGE-USD"}, {"trade_id": 139189589, "side": "sell", "size": "1670.60000000", "price": "0.19773000", "time": "2025-07-15T23:22:29.839094Z", "fetched_at": "2025-07-15T23:23:24.557102+00:00", "symbol": "DOGE-USD"}, {"trade_id": 139189588, "side": "sell", "size": "1460.00000000", "price": "0.19773000", "time": "2025-07-15T23:22:29.732313Z", "fetched_at": "2025-07-15T23:23:24.557102+00:00", "symbol": "DOGE-USD"}, {"trade_id": 139189587, "side": "sell", "size": "1636.20000000", "price": "0.19774000", "time": "2025-07-15T23:22:29.625115Z", "fetched_at": "2025-07-15T23:23:24.557102+00:00", "symbol": "DOGE-USD"}, {"trade_id": 139189586, "side": "sell", "size": "1424.20000000", "price": "0.19774000", "time": "2025-07-15T23:22:28.948690Z", "fetched_at": "2025-07-15T23:23:24.557102+00:00", "symbol": "DOGE-USD"}, {"trade_id": 139189585, "side": "sell", "size": "1365.10000000", "price": "0.19775000", "time": "2025-07-15T23:22:28.779658Z", "fetched_at": "2025-07-15T23:23:24.557102+00:00", "symbol": "DOGE-USD"}, {"trade_id": 139189584, "side": "buy", "size": "6914.50000000", "price": "0.19772000", "time": "2025-07-15T23:22:28.449261Z", "fetched_at": "2025-07-15T23:23:24.557102+00:00", "symbol": "DOGE-USD"}, {"trade_id": 139189583, "side": "buy", "size": "56.70000000", "price": "0.19773000", "time": "2025-07-15T23:22:28.449261Z", "fetched_at": "2025-07-15T23:23:24.557102+00:00", "symbol": "DOGE-USD"}, {"trade_id": 139189582, "side": "buy", "size": "20.20000000", "price": "0.19774000", "time": "2025-07-15T23:22:28.449261Z", "fetched_at": "2025-07-15T23:23:24.557102+00:00", "symbol": "DOGE-USD"}, {"trade_id": 139189581, "side": "sell", "size": "39.90000000", "price": "0.19773000", "time": "2025-07-15T23:22:27.162629Z", "fetched_at": "2025-07-15T23:23:24.557102+00:00", "symbol": "DOGE-USD"}, {"trade_id": 139189580, "side": "sell", "size": "39.90000000", "price": "0.19773000", "time": "2025-07-15T23:22:27.152270Z", "fetched_at": "2025-07-15T23:23:24.557102+00:00", "symbol": "DOGE-USD"}, {"trade_id": 139189579, "side": "sell", "size": "454.20000000", "price": "0.19775000", "time": "2025-07-15T23:22:26.522209Z", "fetched_at": "2025-07-15T23:23:24.557102+00:00", "symbol": "DOGE-USD"}, {"trade_id": 139189578, "side": "sell", "size": "483.30000000", "price": "0.19775000", "time": "2025-07-15T23:22:26.522209Z", "fetched_at": "2025-07-15T23:23:24.557102+00:00", "symbol": "DOGE-USD"}, {"trade_id": 139189577, "side": "buy", "size": "66.90000000", "price": "0.19772000", "time": "2025-07-15T23:22:26.518971Z", "fetched_at": "2025-07-15T23:23:24.557102+00:00", "symbol": "DOGE-USD"}, {"trade_id": 139189576, "side": "buy", "size": "5.60000000", "price": "0.19772000", "time": "2025-07-15T23:22:26.518971Z", "fetched_at": "2025-07-15T23:23:24.557102+00:00", "symbol": "DOGE-USD"}, {"trade_id": 139189575, "side": "buy", "size": "1593.00000000", "price": "0.19773000", "time": "2025-07-15T23:22:26.517808Z", "fetched_at": "2025-07-15T23:23:24.557102+00:00", "symbol": "DOGE-USD"}, {"trade_id": 139189574, "side": "buy", "size": "1649.70000000", "price": "0.19773000", "time": "2025-07-15T23:22:26.517808Z", "fetched_at": "2025-07-15T23:23:24.557102+00:00", "symbol": "DOGE-USD"}, {"trade_id": 139189573, "side": "buy", "size": "5.60000000", "price": "0.19774000", "time": "2025-07-15T23:22:26.517808Z", "fetched_at": "2025-07-15T23:23:24.557102+00:00", "symbol": "DOGE-USD"}, {"trade_id": 139189572, "side": "buy", "size": "56.70000000", "price": "0.19775000", "time": "2025-07-15T23:22:26.517263Z", "fetched_at": "2025-07-15T23:23:24.557102+00:00", "symbol": "DOGE-USD"}, {"trade_id": 139189571, "side": "sell", "size": "95.80000000", "price": "0.19775000", "time": "2025-07-15T23:22:25.041827Z", "fetched_at": "2025-07-15T23:23:24.557102+00:00", "symbol": "DOGE-USD"}, {"trade_id": 139189570, "side": "sell", "size": "322.20000000", "price": "0.19777000", "time": "2025-07-15T23:22:23.168953Z", "fetched_at": "2025-07-15T23:23:24.557102+00:00", "symbol": "DOGE-USD"}, {"trade_id": 139189569, "side": "buy", "size": "56.70000000", "price": "0.19777000", "time": "2025-07-15T23:22:23.165018Z", "fetched_at": "2025-07-15T23:23:24.557102+00:00", "symbol": "DOGE-USD"}, {"trade_id": 139189568, "side": "sell", "size": "38.70000000", "price": "0.19778000", "time": "2025-07-15T23:22:23.089415Z", "fetched_at": "2025-07-15T23:23:24.557102+00:00", "symbol": "DOGE-USD"}, {"trade_id": 139189567, "side": "sell", "size": "48.80000000", "price": "0.19777000", "time": "2025-07-15T23:22:21.838790Z", "fetched_at": "2025-07-15T23:23:24.557102+00:00", "symbol": "DOGE-USD"}, {"trade_id": 139189566, "side": "sell", "size": "1507.10000000", "price": "0.19776000", "time": "2025-07-15T23:22:20.552655Z", "fetched_at": "2025-07-15T23:23:24.557102+00:00", "symbol": "DOGE-USD"}, {"trade_id": 139189565, "side": "sell", "size": "32.30000000", "price": "0.19776000", "time": "2025-07-15T23:22:20.552655Z", "fetched_at": "2025-07-15T23:23:24.557102+00:00", "symbol": "DOGE-USD"}, {"trade_id": 139189564, "side": "sell", "size": "719.20000000", "price": "0.19775000", "time": "2025-07-15T23:22:20.536669Z", "fetched_at": "2025-07-15T23:23:24.557102+00:00", "symbol": "DOGE-USD"}, {"trade_id": 139189563, "side": "sell", "size": "322.20000000", "price": "0.19775000", "time": "2025-07-15T23:22:20.536669Z", "fetched_at": "2025-07-15T23:23:24.557102+00:00", "symbol": "DOGE-USD"}, {"trade_id": 139189562, "side": "buy", "size": "5.60000000", "price": "0.19776000", "time": "2025-07-15T23:22:20.507970Z", "fetched_at": "2025-07-15T23:23:24.557102+00:00", "symbol": "DOGE-USD"}, {"trade_id": 139189561, "side": "buy", "size": "5.60000000", "price": "0.19778000", "time": "2025-07-15T23:22:20.326024Z", "fetched_at": "2025-07-15T23:23:24.557102+00:00", "symbol": "DOGE-USD"}, {"trade_id": 139189560, "side": "buy", "size": "5.60000000", "price": "0.19780000", "time": "2025-07-15T23:22:19.501446Z", "fetched_at": "2025-07-15T23:23:24.557102+00:00", "symbol": "DOGE-USD"}, {"trade_id": 139189559, "side": "sell", "size": "1441.40000000", "price": "0.19781000", "time": "2025-07-15T23:22:19.493625Z", "fetched_at": "2025-07-15T23:23:24.557102+00:00", "symbol": "DOGE-USD"}, {"trade_id": 139189558, "side": "sell", "size": "1491.30000000", "price": "0.19781000", "time": "2025-07-15T23:22:19.483416Z", "fetched_at": "2025-07-15T23:23:24.557102+00:00", "symbol": "DOGE-USD"}, {"trade_id": 139189557, "side": "sell", "size": "1617.30000000", "price": "0.19781000", "time": "2025-07-15T23:22:19.267756Z", "fetched_at": "2025-07-15T23:23:24.557102+00:00", "symbol": "DOGE-USD"}, {"trade_id": 139189556, "side": "sell", "size": "259.50000000", "price": "0.19781000", "time": "2025-07-15T23:22:19.147275Z", "fetched_at": "2025-07-15T23:23:24.557102+00:00", "symbol": "DOGE-USD"}, {"trade_id": 139189555, "side": "sell", "size": "558.90000000", "price": "0.19781000", "time": "2025-07-15T23:22:19.077879Z", "fetched_at": "2025-07-15T23:23:24.557102+00:00", "symbol": "DOGE-USD"}, {"trade_id": 139189554, "side": "buy", "size": "5.60000000", "price": "0.19782000", "time": "2025-07-15T23:22:18.449760Z", "fetched_at": "2025-07-15T23:23:24.557102+00:00", "symbol": "DOGE-USD"}, {"trade_id": 139189553, "side": "sell", "size": "0.20000000", "price": "0.19783000", "time": "2025-07-15T23:22:18.400078Z", "fetched_at": "2025-07-15T23:23:24.557102+00:00", "symbol": "DOGE-USD"}, {"trade_id": 139189552, "side": "sell", "size": "322.20000000", "price": "0.19783000", "time": "2025-07-15T23:22:16.199791Z", "fetched_at": "2025-07-15T23:23:24.557102+00:00", "symbol": "DOGE-USD"}, {"trade_id": 139189551, "side": "buy", "size": "56.70000000", "price": "0.19784000", "time": "2025-07-15T23:22:16.195644Z", "fetched_at": "2025-07-15T23:23:24.557102+00:00", "symbol": "DOGE-USD"}, {"trade_id": 139189550, "side": "sell", "size": "322.20000000", "price": "0.19785000", "time": "2025-07-15T23:22:14.760229Z", "fetched_at": "2025-07-15T23:23:24.557102+00:00", "symbol": "DOGE-USD"}, {"trade_id": 139189549, "side": "sell", "size": "1406.20000000", "price": "0.19789000", "time": "2025-07-15T23:22:14.516028Z", "fetched_at": "2025-07-15T23:23:24.557102+00:00", "symbol": "DOGE-USD"}, {"trade_id": 139189548, "side": "sell", "size": "32.30000000", "price": "0.19788000", "time": "2025-07-15T23:22:13.773260Z", "fetched_at": "2025-07-15T23:23:24.557102+00:00", "symbol": "DOGE-USD"}, {"trade_id": 139189547, "side": "sell", "size": "5.60000000", "price": "0.19788000", "time": "2025-07-15T23:22:13.773260Z", "fetched_at": "2025-07-15T23:23:24.557102+00:00", "symbol": "DOGE-USD"}, {"trade_id": 139189546, "side": "sell", "size": "5.60000000", "price": "0.19786000", "time": "2025-07-15T23:22:13.531390Z", "fetched_at": "2025-07-15T23:23:24.557102+00:00", "symbol": "DOGE-USD"}, {"trade_id": 139189545, "side": "sell", "size": "5.60000000", "price": "0.19786000", "time": "2025-07-15T23:22:06.964584Z", "fetched_at": "2025-07-15T23:23:24.557102+00:00", "symbol": "DOGE-USD"}, {"trade_id": 139189544, "side": "buy", "size": "104.20000000", "price": "0.19779000", "time": "2025-07-15T23:22:05.329119Z", "fetched_at": "2025-07-15T23:23:24.557102+00:00", "symbol": "DOGE-USD"}, {"trade_id": 139189543, "side": "sell", "size": "322.20000000", "price": "0.19779000", "time": "2025-07-15T23:22:03.412058Z", "fetched_at": "2025-07-15T23:23:24.557102+00:00", "symbol": "DOGE-USD"}, {"trade_id": 139189542, "side": "buy", "size": "40.40000000", "price": "0.19779000", "time": "2025-07-15T23:22:02.929665Z", "fetched_at": "2025-07-15T23:23:24.557102+00:00", "symbol": "DOGE-USD"}, {"trade_id": 139189541, "side": "buy", "size": "56.70000000", "price": "0.19780000", "time": "2025-07-15T23:22:02.929665Z", "fetched_at": "2025-07-15T23:23:24.557102+00:00", "symbol": "DOGE-USD"}, {"trade_id": 139189540, "side": "buy", "size": "5.60000000", "price": "0.19780000", "time": "2025-07-15T23:22:02.929665Z", "fetched_at": "2025-07-15T23:23:24.557102+00:00", "symbol": "DOGE-USD"}, {"trade_id": 139189539, "side": "buy", "size": "41.10000000", "price": "0.19782000", "time": "2025-07-15T23:22:01.807895Z", "fetched_at": "2025-07-15T23:23:24.557102+00:00", "symbol": "DOGE-USD"}, {"trade_id": 139189538, "side": "buy", "size": "5.60000000", "price": "0.19782000", "time": "2025-07-15T23:22:01.807895Z", "fetched_at": "2025-07-15T23:23:24.557102+00:00", "symbol": "DOGE-USD"}, {"trade_id": 139189537, "side": "sell", "size": "10.00000000", "price": "0.19785000", "time": "2025-07-15T23:22:01.789601Z", "fetched_at": "2025-07-15T23:23:24.557102+00:00", "symbol": "DOGE-USD"}, {"trade_id": 139189536, "side": "buy", "size": "5.60000000", "price": "0.19784000", "time": "2025-07-15T23:21:59.474591Z", "fetched_at": "2025-07-15T23:23:24.557102+00:00", "symbol": "DOGE-USD"}, {"trade_id": 139189535, "side": "buy", "size": "5.60000000", "price": "0.19786000", "time": "2025-07-15T23:21:59.419682Z", "fetched_at": "2025-07-15T23:23:24.557102+00:00", "symbol": "DOGE-USD"}, {"trade_id": 139189534, "side": "buy", "size": "18825.20000000", "price": "0.19786000", "time": "2025-07-15T23:21:59.419682Z", "fetched_at": "2025-07-15T23:23:24.557102+00:00", "symbol": "DOGE-USD"}, {"trade_id": 139189533, "side": "buy", "size": "56.70000000", "price": "0.19787000", "time": "2025-07-15T23:21:59.416672Z", "fetched_at": "2025-07-15T23:23:24.557102+00:00", "symbol": "DOGE-USD"}, {"trade_id": 139189532, "side": "buy", "size": "5.60000000", "price": "0.19788000", "time": "2025-07-15T23:21:59.410883Z", "fetched_at": "2025-07-15T23:23:24.557102+00:00", "symbol": "DOGE-USD"}, {"trade_id": 139189531, "side": "sell", "size": "5.60000000", "price": "0.19792000", "time": "2025-07-15T23:21:57.760911Z", "fetched_at": "2025-07-15T23:23:24.557102+00:00", "symbol": "DOGE-USD"}, {"trade_id": 139189530, "side": "sell", "size": "1639.10000000", "price": "0.19789000", "time": "2025-07-15T23:21:51.722308Z", "fetched_at": "2025-07-15T23:23:24.557102+00:00", "symbol": "DOGE-USD"}, {"trade_id": 139189529, "side": "sell", "size": "393.10000000", "price": "0.19791000", "time": "2025-07-15T23:21:50.051188Z", "fetched_at": "2025-07-15T23:23:24.557102+00:00", "symbol": "DOGE-USD"}, {"trade_id": 139189528, "side": "sell", "size": "48.80000000", "price": "0.19792000", "time": "2025-07-15T23:21:48.513389Z", "fetched_at": "2025-07-15T23:23:24.557102+00:00", "symbol": "DOGE-USD"}, {"trade_id": 139189527, "side": "sell", "size": "5.60000000", "price": "0.19794000", "time": "2025-07-15T23:21:46.603265Z", "fetched_at": "2025-07-15T23:23:24.557102+00:00", "symbol": "DOGE-USD"}, {"trade_id": 139189526, "side": "buy", "size": "206.70000000", "price": "0.19788000", "time": "2025-07-15T23:21:45.791924Z", "fetched_at": "2025-07-15T23:23:24.557102+00:00", "symbol": "DOGE-USD"}, {"trade_id": 139189525, "side": "buy", "size": "206.70000000", "price": "0.19788000", "time": "2025-07-15T23:21:45.762710Z", "fetched_at": "2025-07-15T23:23:24.557102+00:00", "symbol": "DOGE-USD"}, {"trade_id": 139189524, "side": "buy", "size": "103.30000000", "price": "0.19788000", "time": "2025-07-15T23:21:45.517362Z", "fetched_at": "2025-07-15T23:23:24.557102+00:00", "symbol": "DOGE-USD"}, {"trade_id": 139189523, "side": "buy", "size": "206.70000000", "price": "0.19788000", "time": "2025-07-15T23:21:45.517265Z", "fetched_at": "2025-07-15T23:23:24.557102+00:00", "symbol": "DOGE-USD"}, {"trade_id": 139189522, "side": "buy", "size": "206.70000000", "price": "0.19788000", "time": "2025-07-15T23:21:45.517207Z", "fetched_at": "2025-07-15T23:23:24.557102+00:00", "symbol": "DOGE-USD"}, {"trade_id": 139189521, "side": "buy", "size": "206.70000000", "price": "0.19788000", "time": "2025-07-15T23:21:45.495033Z", "fetched_at": "2025-07-15T23:23:24.557102+00:00", "symbol": "DOGE-USD"}, {"trade_id": 139189520, "side": "buy", "size": "103.30000000", "price": "0.19788000", "time": "2025-07-15T23:21:45.494132Z", "fetched_at": "2025-07-15T23:23:24.557102+00:00", "symbol": "DOGE-USD"}, {"trade_id": 139189519, "side": "buy", "size": "206.70000000", "price": "0.19788000", "time": "2025-07-15T23:21:45.425011Z", "fetched_at": "2025-07-15T23:23:24.557102+00:00", "symbol": "DOGE-USD"}, {"trade_id": 139189518, "side": "buy", "size": "97.70000000", "price": "0.19788000", "time": "2025-07-15T23:21:45.351430Z", "fetched_at": "2025-07-15T23:23:24.557102+00:00", "symbol": "DOGE-USD"}, {"trade_id": 139189517, "side": "buy", "size": "5.60000000", "price": "0.19788000", "time": "2025-07-15T23:21:45.351430Z", "fetched_at": "2025-07-15T23:23:24.557102+00:00", "symbol": "DOGE-USD"}, {"trade_id": 139189516, "side": "buy", "size": "2302.30000000", "price": "0.19791000", "time": "2025-07-15T23:21:45.029553Z", "fetched_at": "2025-07-15T23:23:24.557102+00:00", "symbol": "DOGE-USD"}, {"trade_id": 139189515, "side": "buy", "size": "56.70000000", "price": "0.19792000", "time": "2025-07-15T23:21:45.005326Z", "fetched_at": "2025-07-15T23:23:24.557102+00:00", "symbol": "DOGE-USD"}, {"trade_id": 139189514, "side": "buy", "size": "351.60000000", "price": "0.19793000", "time": "2025-07-15T23:21:44.898991Z", "fetched_at": "2025-07-15T23:23:24.557102+00:00", "symbol": "DOGE-USD"}, {"trade_id": 139189513, "side": "sell", "size": "5.60000000", "price": "0.19796000", "time": "2025-07-15T23:21:41.439621Z", "fetched_at": "2025-07-15T23:23:24.557102+00:00", "symbol": "DOGE-USD"}, {"trade_id": 139189512, "side": "sell", "size": "5.60000000", "price": "0.19794000", "time": "2025-07-15T23:21:41.001442Z", "fetched_at": "2025-07-15T23:23:24.557102+00:00", "symbol": "DOGE-USD"}, {"trade_id": 139189511, "side": "sell", "size": "5.60000000", "price": "0.19792000", "time": "2025-07-15T23:21:40.938896Z", "fetched_at": "2025-07-15T23:23:24.557102+00:00", "symbol": "DOGE-USD"}, {"trade_id": 139189510, "side": "sell", "size": "5.60000000", "price": "0.19790000", "time": "2025-07-15T23:21:40.534710Z", "fetched_at": "2025-07-15T23:23:24.557102+00:00", "symbol": "DOGE-USD"}, {"trade_id": 139189509, "side": "sell", "size": "5.60000000", "price": "0.19788000", "time": "2025-07-15T23:21:40.516002Z", "fetched_at": "2025-07-15T23:23:24.557102+00:00", "symbol": "DOGE-USD"}, {"trade_id": 139189508, "side": "sell", "size": "5.60000000", "price": "0.19786000", "time": "2025-07-15T23:21:40.428271Z", "fetched_at": "2025-07-15T23:23:24.557102+00:00", "symbol": "DOGE-USD"}, {"trade_id": 139189507, "side": "sell", "size": "5.60000000", "price": "0.19784000", "time": "2025-07-15T23:21:40.415436Z", "fetched_at": "2025-07-15T23:23:24.557102+00:00", "symbol": "DOGE-USD"}, {"trade_id": 139189506, "side": "sell", "size": "5.60000000", "price": "0.19782000", "time": "2025-07-15T23:21:39.623489Z", "fetched_at": "2025-07-15T23:23:24.557102+00:00", "symbol": "DOGE-USD"}, {"trade_id": 139189505, "side": "sell", "size": "6.60000000", "price": "0.19781000", "time": "2025-07-15T23:21:39.611573Z", "fetched_at": "2025-07-15T23:23:24.557102+00:00", "symbol": "DOGE-USD"}, {"trade_id": 139189504, "side": "buy", "size": "204.30000000", "price": "0.19780000", "time": "2025-07-15T23:21:39.452678Z", "fetched_at": "2025-07-15T23:23:24.557102+00:00", "symbol": "DOGE-USD"}, {"trade_id": 139189503, "side": "sell", "size": "322.20000000", "price": "0.19778000", "time": "2025-07-15T23:21:38.974323Z", "fetched_at": "2025-07-15T23:23:24.557102+00:00", "symbol": "DOGE-USD"}, {"trade_id": 139189502, "side": "sell", "size": "322.20000000", "price": "0.19778000", "time": "2025-07-15T23:21:38.845047Z", "fetched_at": "2025-07-15T23:23:24.557102+00:00", "symbol": "DOGE-USD"}, {"trade_id": 139189501, "side": "sell", "size": "23.90000000", "price": "0.19779000", "time": "2025-07-15T23:21:38.651723Z", "fetched_at": "2025-07-15T23:23:24.557102+00:00", "symbol": "DOGE-USD"}, {"trade_id": 139189500, "side": "sell", "size": "215.70000000", "price": "0.19778000", "time": "2025-07-15T23:21:38.594218Z", "fetched_at": "2025-07-15T23:23:24.557102+00:00", "symbol": "DOGE-USD"}, {"trade_id": 139189499, "side": "buy", "size": "10.30000000", "price": "0.19775000", "time": "2025-07-15T23:21:38.212060Z", "fetched_at": "2025-07-15T23:23:24.557102+00:00", "symbol": "DOGE-USD"}, {"trade_id": 139189498, "side": "buy", "size": "15.30000000", "price": "0.19775000", "time": "2025-07-15T23:21:37.815436Z", "fetched_at": "2025-07-15T23:23:24.557102+00:00", "symbol": "DOGE-USD"}, {"trade_id": 139189497, "side": "buy", "size": "15.30000000", "price": "0.19775000", "time": "2025-07-15T23:21:37.705645Z", "fetched_at": "2025-07-15T23:23:24.557102+00:00", "symbol": "DOGE-USD"}, {"trade_id": 139189496, "side": "buy", "size": "72.10000000", "price": "0.19776000", "time": "2025-07-15T23:21:34.852025Z", "fetched_at": "2025-07-15T23:23:24.557102+00:00", "symbol": "DOGE-USD"}, {"trade_id": 139189495, "side": "buy", "size": "5.60000000", "price": "0.19776000", "time": "2025-07-15T23:21:34.523062Z", "fetched_at": "2025-07-15T23:23:24.557102+00:00", "symbol": "DOGE-USD"}, {"trade_id": 139189494, "side": "sell", "size": "1497.50000000", "price": "0.19780000", "time": "2025-07-15T23:21:32.480457Z", "fetched_at": "2025-07-15T23:23:24.557102+00:00", "symbol": "DOGE-USD"}, {"trade_id": 139189493, "side": "sell", "size": "322.20000000", "price": "0.19782000", "time": "2025-07-15T23:21:31.796185Z", "fetched_at": "2025-07-15T23:23:24.557102+00:00", "symbol": "DOGE-USD"}, {"trade_id": 139189492, "side": "buy", "size": "949.50000000", "price": "0.19781000", "time": "2025-07-15T23:21:31.788296Z", "fetched_at": "2025-07-15T23:23:24.557102+00:00", "symbol": "DOGE-USD"}, {"trade_id": 139189491, "side": "sell", "size": "1621.70000000", "price": "0.19781000", "time": "2025-07-15T23:21:30.052087Z", "fetched_at": "2025-07-15T23:23:24.557102+00:00", "symbol": "DOGE-USD"}, {"trade_id": 139189490, "side": "sell", "size": "25.00000000", "price": "0.19781000", "time": "2025-07-15T23:21:29.839916Z", "fetched_at": "2025-07-15T23:23:24.557102+00:00", "symbol": "DOGE-USD"}, {"trade_id": 139189489, "side": "buy", "size": "87.90000000", "price": "0.19780000", "time": "2025-07-15T23:21:29.564559Z", "fetched_at": "2025-07-15T23:23:24.557102+00:00", "symbol": "DOGE-USD"}, {"trade_id": 139189488, "side": "buy", "size": "87.40000000", "price": "0.19778000", "time": "2025-07-15T23:21:29.326840Z", "fetched_at": "2025-07-15T23:23:24.557102+00:00", "symbol": "DOGE-USD"}, {"trade_id": 139189487, "side": "sell", "size": "5527.00000000", "price": "0.19784000", "time": "2025-07-15T23:21:28.488004Z", "fetched_at": "2025-07-15T23:23:24.557102+00:00", "symbol": "DOGE-USD"}, {"trade_id": 139189486, "side": "sell", "size": "5.60000000", "price": "0.19784000", "time": "2025-07-15T23:21:28.488004Z", "fetched_at": "2025-07-15T23:23:24.557102+00:00", "symbol": "DOGE-USD"}, {"trade_id": 139189485, "side": "sell", "size": "4153.80000000", "price": "0.19783000", "time": "2025-07-15T23:21:28.488004Z", "fetched_at": "2025-07-15T23:23:24.557102+00:00", "symbol": "DOGE-USD"}, {"trade_id": 139189484, "side": "sell", "size": "4123.80000000", "price": "0.19783000", "time": "2025-07-15T23:21:28.488004Z", "fetched_at": "2025-07-15T23:23:24.557102+00:00", "symbol": "DOGE-USD"}, {"trade_id": 139189483, "side": "sell", "size": "1347.10000000", "price": "0.19783000", "time": "2025-07-15T23:21:28.488004Z", "fetched_at": "2025-07-15T23:23:24.557102+00:00", "symbol": "DOGE-USD"}, {"trade_id": 139189482, "side": "sell", "size": "1593.00000000", "price": "0.19782000", "time": "2025-07-15T23:21:28.488004Z", "fetched_at": "2025-07-15T23:23:24.557102+00:00", "symbol": "DOGE-USD"}, {"trade_id": 139189481, "side": "sell", "size": "1630.10000000", "price": "0.19781000", "time": "2025-07-15T23:21:28.488004Z", "fetched_at": "2025-07-15T23:23:24.557102+00:00", "symbol": "DOGE-USD"}, {"trade_id": 139189480, "side": "sell", "size": "322.20000000", "price": "0.19780000", "time": "2025-07-15T23:21:28.488004Z", "fetched_at": "2025-07-15T23:23:24.557102+00:00", "symbol": "DOGE-USD"}, {"trade_id": 139189479, "side": "buy", "size": "96.40000000", "price": "0.19777000", "time": "2025-07-15T23:21:28.368433Z", "fetched_at": "2025-07-15T23:23:24.557102+00:00", "symbol": "DOGE-USD"}, {"trade_id": 139189478, "side": "buy", "size": "6.90000000", "price": "0.19778000", "time": "2025-07-15T23:21:28.368433Z", "fetched_at": "2025-07-15T23:23:24.557102+00:00", "symbol": "DOGE-USD"}, {"trade_id": 139189477, "side": "sell", "size": "317.50000000", "price": "0.19777000", "time": "2025-07-15T23:21:27.579729Z", "fetched_at": "2025-07-15T23:23:24.557102+00:00", "symbol": "DOGE-USD"}, {"trade_id": 139189476, "side": "buy", "size": "103.30000000", "price": "0.19779000", "time": "2025-07-15T23:21:26.914236Z", "fetched_at": "2025-07-15T23:23:24.557102+00:00", "symbol": "DOGE-USD"}, {"trade_id": 139189475, "side": "buy", "size": "170.50000000", "price": "0.19781000", "time": "2025-07-15T23:21:25.670744Z", "fetched_at": "2025-07-15T23:23:24.557102+00:00", "symbol": "DOGE-USD"}, {"trade_id": 139189474, "side": "buy", "size": "170.50000000", "price": "0.19781000", "time": "2025-07-15T23:21:25.659622Z", "fetched_at": "2025-07-15T23:23:24.557102+00:00", "symbol": "DOGE-USD"}, {"trade_id": 139189473, "side": "sell", "size": "182.90000000", "price": "0.19785000", "time": "2025-07-15T23:21:25.392685Z", "fetched_at": "2025-07-15T23:23:24.557102+00:00", "symbol": "DOGE-USD"}, {"trade_id": 139189472, "side": "sell", "size": "1593.00000000", "price": "0.19784000", "time": "2025-07-15T23:21:25.392685Z", "fetched_at": "2025-07-15T23:23:24.557102+00:00", "symbol": "DOGE-USD"}, {"trade_id": 139189471, "side": "sell", "size": "21.70000000", "price": "0.19784000", "time": "2025-07-15T23:21:25.392685Z", "fetched_at": "2025-07-15T23:23:24.557102+00:00", "symbol": "DOGE-USD"}, {"trade_id": 139189470, "side": "sell", "size": "1635.40000000", "price": "0.19783000", "time": "2025-07-15T23:21:25.392685Z", "fetched_at": "2025-07-15T23:23:24.557102+00:00", "symbol": "DOGE-USD"}, {"trade_id": 139189469, "side": "sell", "size": "111.30000000", "price": "0.19783000", "time": "2025-07-15T23:21:25.392685Z", "fetched_at": "2025-07-15T23:23:24.557102+00:00", "symbol": "DOGE-USD"}, {"trade_id": 139189468, "side": "sell", "size": "1495.60000000", "price": "0.19782000", "time": "2025-07-15T23:21:25.392685Z", "fetched_at": "2025-07-15T23:23:24.557102+00:00", "symbol": "DOGE-USD"}, {"trade_id": 139189467, "side": "buy", "size": "18840.10000000", "price": "0.19783000", "time": "2025-07-15T23:21:24.722012Z", "fetched_at": "2025-07-15T23:23:24.557102+00:00", "symbol": "DOGE-USD"}, {"trade_id": 139189466, "side": "buy", "size": "10000.00000000", "price": "0.19784000", "time": "2025-07-15T23:21:24.720209Z", "fetched_at": "2025-07-15T23:23:24.557102+00:00", "symbol": "DOGE-USD"}, {"trade_id": 139189465, "side": "buy", "size": "1793.40000000", "price": "0.19785000", "time": "2025-07-15T23:21:24.714040Z", "fetched_at": "2025-07-15T23:23:24.557102+00:00", "symbol": "DOGE-USD"}, {"trade_id": 139189464, "side": "buy", "size": "103.30000000", "price": "0.19785000", "time": "2025-07-15T23:21:24.320376Z", "fetched_at": "2025-07-15T23:23:24.557102+00:00", "symbol": "DOGE-USD"}, {"trade_id": 139189463, "side": "buy", "size": "103.30000000", "price": "0.19785000", "time": "2025-07-15T23:21:24.250810Z", "fetched_at": "2025-07-15T23:23:24.557102+00:00", "symbol": "DOGE-USD"}, {"trade_id": 139189462, "side": "sell", "size": "141.00000000", "price": "0.19787000", "time": "2025-07-15T23:21:23.573439Z", "fetched_at": "2025-07-15T23:23:24.557102+00:00", "symbol": "DOGE-USD"}, {"trade_id": 139189461, "side": "buy", "size": "103.30000000", "price": "0.19787000", "time": "2025-07-15T23:21:23.325705Z", "fetched_at": "2025-07-15T23:23:24.557102+00:00", "symbol": "DOGE-USD"}, {"trade_id": 139189460, "side": "buy", "size": "103.30000000", "price": "0.19787000", "time": "2025-07-15T23:21:23.205193Z", "fetched_at": "2025-07-15T23:23:24.557102+00:00", "symbol": "DOGE-USD"}, {"trade_id": 139189459, "side": "sell", "size": "5.60000000", "price": "0.19788000", "time": "2025-07-15T23:21:20.121899Z", "fetched_at": "2025-07-15T23:23:24.557102+00:00", "symbol": "DOGE-USD"}, {"trade_id": 139189458, "side": "buy", "size": "12.60000000", "price": "0.19786000", "time": "2025-07-15T23:21:19.958801Z", "fetched_at": "2025-07-15T23:23:24.557102+00:00", "symbol": "DOGE-USD"}, {"trade_id": 139189457, "side": "sell", "size": "5.60000000", "price": "0.19786000", "time": "2025-07-15T23:21:19.523727Z", "fetched_at": "2025-07-15T23:23:24.557102+00:00", "symbol": "DOGE-USD"}, {"trade_id": 139189456, "side": "sell", "size": "5.60000000", "price": "0.19784000", "time": "2025-07-15T23:21:19.513248Z", "fetched_at": "2025-07-15T23:23:24.557102+00:00", "symbol": "DOGE-USD"}, {"trade_id": 139189455, "side": "sell", "size": "56.70000000", "price": "0.19783000", "time": "2025-07-15T23:21:19.436720Z", "fetched_at": "2025-07-15T23:23:24.557102+00:00", "symbol": "DOGE-USD"}, {"trade_id": 139189454, "side": "sell", "size": "429.00000000", "price": "0.19780000", "time": "2025-07-15T23:21:19.016842Z", "fetched_at": "2025-07-15T23:23:24.557102+00:00", "symbol": "DOGE-USD"}, {"trade_id": 139189453, "side": "sell", "size": "56.70000000", "price": "0.19779000", "time": "2025-07-15T23:21:19.016842Z", "fetched_at": "2025-07-15T23:23:24.557102+00:00", "symbol": "DOGE-USD"}, {"trade_id": 139189452, "side": "sell", "size": "5.60000000", "price": "0.19778000", "time": "2025-07-15T23:21:19.016842Z", "fetched_at": "2025-07-15T23:23:24.557102+00:00", "symbol": "DOGE-USD"}, {"trade_id": 139189451, "side": "sell", "size": "6.60000000", "price": "0.19776000", "time": "2025-07-15T23:21:18.954729Z", "fetched_at": "2025-07-15T23:23:24.557102+00:00", "symbol": "DOGE-USD"}, {"trade_id": 139189450, "side": "sell", "size": "82.40000000", "price": "0.19774000", "time": "2025-07-15T23:21:18.928338Z", "fetched_at": "2025-07-15T23:23:24.557102+00:00", "symbol": "DOGE-USD"}, {"trade_id": 139189449, "side": "buy", "size": "6.60000000", "price": "0.19774000", "time": "2025-07-15T23:21:18.039039Z", "fetched_at": "2025-07-15T23:23:24.557102+00:00", "symbol": "DOGE-USD"}, {"trade_id": 139189448, "side": "buy", "size": "5.60000000", "price": "0.19774000", "time": "2025-07-15T23:21:18.039039Z", "fetched_at": "2025-07-15T23:23:24.557102+00:00", "symbol": "DOGE-USD"}, {"trade_id": 139189447, "side": "sell", "size": "322.20000000", "price": "0.19777000", "time": "2025-07-15T23:21:15.522401Z", "fetched_at": "2025-07-15T23:23:24.557102+00:00", "symbol": "DOGE-USD"}, {"trade_id": 139189446, "side": "sell", "size": "483.30000000", "price": "0.19777000", "time": "2025-07-15T23:21:15.522401Z", "fetched_at": "2025-07-15T23:23:24.557102+00:00", "symbol": "DOGE-USD"}, {"trade_id": 139189445, "side": "buy", "size": "24.10000000", "price": "0.19778000", "time": "2025-07-15T23:21:15.517041Z", "fetched_at": "2025-07-15T23:23:24.557102+00:00", "symbol": "DOGE-USD"}, {"trade_id": 139189444, "side": "buy", "size": "24.60000000", "price": "0.19776000", "time": "2025-07-15T23:21:14.826214Z", "fetched_at": "2025-07-15T23:23:24.557102+00:00", "symbol": "DOGE-USD"}, {"trade_id": 139189443, "side": "buy", "size": "5.60000000", "price": "0.19776000", "time": "2025-07-15T23:21:14.826214Z", "fetched_at": "2025-07-15T23:23:24.557102+00:00", "symbol": "DOGE-USD"}, {"trade_id": 139189442, "side": "buy", "size": "6.70000000", "price": "0.19778000", "time": "2025-07-15T23:21:14.826214Z", "fetched_at": "2025-07-15T23:23:24.557102+00:00", "symbol": "DOGE-USD"}, {"trade_id": 139189441, "side": "sell", "size": "68.30000000", "price": "0.19779000", "time": "2025-07-15T23:21:14.451184Z", "fetched_at": "2025-07-15T23:23:24.557102+00:00", "symbol": "DOGE-USD"}, {"trade_id": 139189440, "side": "sell", "size": "302.80000000", "price": "0.19779000", "time": "2025-07-15T23:21:14.451184Z", "fetched_at": "2025-07-15T23:23:24.557102+00:00", "symbol": "DOGE-USD"}, {"trade_id": 139189439, "side": "sell", "size": "322.20000000", "price": "0.19779000", "time": "2025-07-15T23:21:14.451184Z", "fetched_at": "2025-07-15T23:23:24.557102+00:00", "symbol": "DOGE-USD"}, {"trade_id": 139189438, "side": "buy", "size": "75.70000000", "price": "0.19778000", "time": "2025-07-15T23:21:14.314609Z", "fetched_at": "2025-07-15T23:23:24.557102+00:00", "symbol": "DOGE-USD"}, {"trade_id": 139189437, "side": "sell", "size": "7.30000000", "price": "0.19779000", "time": "2025-07-15T23:21:10.344435Z", "fetched_at": "2025-07-15T23:23:24.557102+00:00", "symbol": "DOGE-USD"}, {"trade_id": 139189436, "side": "sell", "size": "22.00000000", "price": "0.19784000", "time": "2025-07-15T23:21:03.240097Z", "fetched_at": "2025-07-15T23:23:24.557102+00:00", "symbol": "DOGE-USD"}, {"trade_id": 139189435, "side": "sell", "size": "18838.10000000", "price": "0.19784000", "time": "2025-07-15T23:21:03.085030Z", "fetched_at": "2025-07-15T23:23:24.557102+00:00", "symbol": "DOGE-USD"}, {"trade_id": 139189434, "side": "sell", "size": "5.60000000", "price": "0.19784000", "time": "2025-07-15T23:21:03.085030Z", "fetched_at": "2025-07-15T23:23:24.557102+00:00", "symbol": "DOGE-USD"}, {"trade_id": 139189433, "side": "sell", "size": "1973.10000000", "price": "0.19782000", "time": "2025-07-15T23:21:03.085030Z", "fetched_at": "2025-07-15T23:23:24.557102+00:00", "symbol": "DOGE-USD"}, {"trade_id": 139189432, "side": "sell", "size": "5.60000000", "price": "0.19782000", "time": "2025-07-15T23:21:03.085030Z", "fetched_at": "2025-07-15T23:23:24.557102+00:00", "symbol": "DOGE-USD"}, {"trade_id": 139189431, "side": "sell", "size": "4114.00000000", "price": "0.19781000", "time": "2025-07-15T23:21:03.080626Z", "fetched_at": "2025-07-15T23:23:24.557102+00:00", "symbol": "DOGE-USD"}, {"trade_id": 139189430, "side": "sell", "size": "1593.00000000", "price": "0.19781000", "time": "2025-07-15T23:21:03.080626Z", "fetched_at": "2025-07-15T23:23:24.557102+00:00", "symbol": "DOGE-USD"}, {"trade_id": 139189429, "side": "sell", "size": "2525.20000000", "price": "0.19780000", "time": "2025-07-15T23:21:03.076516Z", "fetched_at": "2025-07-15T23:23:24.557102+00:00", "symbol": "DOGE-USD"}, {"trade_id": 139189428, "side": "sell", "size": "6912.60000000", "price": "0.19780000", "time": "2025-07-15T23:21:03.076516Z", "fetched_at": "2025-07-15T23:23:24.557102+00:00", "symbol": "DOGE-USD"}, {"trade_id": 139189427, "side": "sell", "size": "4093.20000000", "price": "0.19780000", "time": "2025-07-15T23:21:03.076516Z", "fetched_at": "2025-07-15T23:23:24.557102+00:00", "symbol": "DOGE-USD"}, {"trade_id": 139189426, "side": "sell", "size": "103.70000000", "price": "0.19780000", "time": "2025-07-15T23:21:03.076516Z", "fetched_at": "2025-07-15T23:23:24.557102+00:00", "symbol": "DOGE-USD"}, {"trade_id": 139189425, "side": "sell", "size": "1593.00000000", "price": "0.19777000", "time": "2025-07-15T23:21:03.076516Z", "fetched_at": "2025-07-15T23:23:24.557102+00:00", "symbol": "DOGE-USD"}, {"trade_id": 139189424, "side": "sell", "size": "8772.50000000", "price": "0.19779000", "time": "2025-07-15T23:21:03.074818Z", "fetched_at": "2025-07-15T23:23:24.557102+00:00", "symbol": "DOGE-USD"}, {"trade_id": 139189423, "side": "sell", "size": "122737.80000000", "price": "0.19779000", "time": "2025-07-15T23:21:03.074120Z", "fetched_at": "2025-07-15T23:23:24.557102+00:00", "symbol": "DOGE-USD"}, {"trade_id": 139189422, "side": "sell", "size": "56.70000000", "price": "0.19777000", "time": "2025-07-15T23:21:03.072046Z", "fetched_at": "2025-07-15T23:23:24.557102+00:00", "symbol": "DOGE-USD"}, {"trade_id": 139189421, "side": "sell", "size": "719.20000000", "price": "0.19777000", "time": "2025-07-15T23:21:03.072046Z", "fetched_at": "2025-07-15T23:23:24.557102+00:00", "symbol": "DOGE-USD"}, {"trade_id": 139189420, "side": "sell", "size": "113.00000000", "price": "0.19776000", "time": "2025-07-15T23:21:02.701053Z", "fetched_at": "2025-07-15T23:23:24.557102+00:00", "symbol": "DOGE-USD"}, {"trade_id": 139189419, "side": "sell", "size": "1593.00000000", "price": "0.19775000", "time": "2025-07-15T23:21:01.453694Z", "fetched_at": "2025-07-15T23:23:24.557102+00:00", "symbol": "DOGE-USD"}, {"trade_id": 139189418, "side": "sell", "size": "322.20000000", "price": "0.19774000", "time": "2025-07-15T23:21:01.453694Z", "fetched_at": "2025-07-15T23:23:24.557102+00:00", "symbol": "DOGE-USD"}, {"trade_id": 139189417, "side": "sell", "size": "791.10000000", "price": "0.19774000", "time": "2025-07-15T23:21:01.453694Z", "fetched_at": "2025-07-15T23:23:24.557102+00:00", "symbol": "DOGE-USD"}, {"trade_id": 139189416, "side": "sell", "size": "56.70000000", "price": "0.19778000", "time": "2025-07-15T23:21:00.814245Z", "fetched_at": "2025-07-15T23:23:24.557102+00:00", "symbol": "DOGE-USD"}, {"trade_id": 139189415, "side": "sell", "size": "56.70000000", "price": "0.19778000", "time": "2025-07-15T23:21:00.785210Z", "fetched_at": "2025-07-15T23:23:24.557102+00:00", "symbol": "DOGE-USD"}, {"trade_id": 139189414, "side": "sell", "size": "13.80000000", "price": "0.19776000", "time": "2025-07-15T23:21:00.557691Z", "fetched_at": "2025-07-15T23:23:24.557102+00:00", "symbol": "DOGE-USD"}, {"trade_id": 139189413, "side": "sell", "size": "271.50000000", "price": "0.19776000", "time": "2025-07-15T23:20:59.086553Z", "fetched_at": "2025-07-15T23:23:24.557102+00:00", "symbol": "DOGE-USD"}, {"trade_id": 139189412, "side": "sell", "size": "316.00000000", "price": "0.19776000", "time": "2025-07-15T23:20:59.054443Z", "fetched_at": "2025-07-15T23:23:24.557102+00:00", "symbol": "DOGE-USD"}, {"trade_id": 139189411, "side": "sell", "size": "184.30000000", "price": "0.19778000", "time": "2025-07-15T23:20:58.826860Z", "fetched_at": "2025-07-15T23:23:24.557102+00:00", "symbol": "DOGE-USD"}, {"trade_id": 139189410, "side": "sell", "size": "316.00000000", "price": "0.19776000", "time": "2025-07-15T23:20:58.826860Z", "fetched_at": "2025-07-15T23:23:24.557102+00:00", "symbol": "DOGE-USD"}, {"trade_id": 139189409, "side": "buy", "size": "71.80000000", "price": "0.19775000", "time": "2025-07-15T23:20:58.793208Z", "fetched_at": "2025-07-15T23:23:24.557102+00:00", "symbol": "DOGE-USD"}, {"trade_id": 139189408, "side": "sell", "size": "125.70000000", "price": "0.19774000", "time": "2025-07-15T23:20:57.232730Z", "fetched_at": "2025-07-15T23:23:24.557102+00:00", "symbol": "DOGE-USD"}, {"trade_id": 139189407, "side": "buy", "size": "3648.80000000", "price": "0.19772000", "time": "2025-07-15T23:20:56.911887Z", "fetched_at": "2025-07-15T23:23:24.557102+00:00", "symbol": "DOGE-USD"}, {"trade_id": 139189406, "side": "buy", "size": "6910.70000000", "price": "0.19772000", "time": "2025-07-15T23:20:56.911887Z", "fetched_at": "2025-07-15T23:23:24.557102+00:00", "symbol": "DOGE-USD"}, {"trade_id": 139189405, "side": "buy", "size": "1473.10000000", "price": "0.19772000", "time": "2025-07-15T23:20:56.911887Z", "fetched_at": "2025-07-15T23:23:24.557102+00:00", "symbol": "DOGE-USD"}, {"trade_id": 139189404, "side": "buy", "size": "5.60000000", "price": "0.19772000", "time": "2025-07-15T23:20:56.911887Z", "fetched_at": "2025-07-15T23:23:24.557102+00:00", "symbol": "DOGE-USD"}, {"trade_id": 139189403, "side": "buy", "size": "1593.00000000", "price": "0.19772000", "time": "2025-07-15T23:20:56.911887Z", "fetched_at": "2025-07-15T23:23:24.557102+00:00", "symbol": "DOGE-USD"}, {"trade_id": 139189402, "side": "buy", "size": "4063.60000000", "price": "0.19773000", "time": "2025-07-15T23:20:56.911887Z", "fetched_at": "2025-07-15T23:23:24.557102+00:00", "symbol": "DOGE-USD"}, {"trade_id": 139189401, "side": "buy", "size": "56.70000000", "price": "0.19774000", "time": "2025-07-15T23:20:56.911887Z", "fetched_at": "2025-07-15T23:23:24.557102+00:00", "symbol": "DOGE-USD"}, {"trade_id": 139189400, "side": "buy", "size": "5.60000000", "price": "0.19774000", "time": "2025-07-15T23:20:56.911887Z", "fetched_at": "2025-07-15T23:23:24.557102+00:00", "symbol": "DOGE-USD"}, {"trade_id": 139189399, "side": "sell", "size": "316.00000000", "price": "0.19775000", "time": "2025-07-15T23:20:56.911887Z", "fetched_at": "2025-07-15T23:23:24.557102+00:00", "symbol": "DOGE-USD"}, {"trade_id": 139189398, "side": "buy", "size": "716.50000000", "price": "0.19776000", "time": "2025-07-15T23:20:56.354368Z", "fetched_at": "2025-07-15T23:23:24.557102+00:00", "symbol": "DOGE-USD"}, {"trade_id": 139189397, "side": "buy", "size": "5.60000000", "price": "0.19776000", "time": "2025-07-15T23:20:56.354368Z", "fetched_at": "2025-07-15T23:23:24.557102+00:00", "symbol": "DOGE-USD"}, {"trade_id": 139189396, "side": "buy", "size": "1604.50000000", "price": "0.19777000", "time": "2025-07-15T23:20:56.354368Z", "fetched_at": "2025-07-15T23:23:24.557102+00:00", "symbol": "DOGE-USD"}, {"trade_id": 139189395, "side": "buy", "size": "56.70000000", "price": "0.19778000", "time": "2025-07-15T23:20:56.354368Z", "fetched_at": "2025-07-15T23:23:24.557102+00:00", "symbol": "DOGE-USD"}, {"trade_id": 139189394, "side": "buy", "size": "5.60000000", "price": "0.19778000", "time": "2025-07-15T23:20:56.354368Z", "fetched_at": "2025-07-15T23:23:24.557102+00:00", "symbol": "DOGE-USD"}, {"trade_id": 139189393, "side": "buy", "size": "5.60000000", "price": "0.19780000", "time": "2025-07-15T23:20:52.831614Z", "fetched_at": "2025-07-15T23:23:24.557102+00:00", "symbol": "DOGE-USD"}, {"trade_id": 139189392, "side": "buy", "size": "1527.40000000", "price": "0.19782000", "time": "2025-07-15T23:20:52.819064Z", "fetched_at": "2025-07-15T23:23:24.557102+00:00", "symbol": "DOGE-USD"}, {"trade_id": 139189391, "side": "buy", "size": "5.60000000", "price": "0.19782000", "time": "2025-07-15T23:20:52.819064Z", "fetched_at": "2025-07-15T23:23:24.557102+00:00", "symbol": "DOGE-USD"}, {"trade_id": 139189390, "side": "buy", "size": "906.50000000", "price": "0.19782000", "time": "2025-07-15T23:20:52.819064Z", "fetched_at": "2025-07-15T23:23:24.557102+00:00", "symbol": "DOGE-USD"}, {"trade_id": 139189389, "side": "buy", "size": "216.90000000", "price": "0.19782000", "time": "2025-07-15T23:20:51.928949Z", "fetched_at": "2025-07-15T23:23:24.557102+00:00", "symbol": "DOGE-USD"}, {"trade_id": 139189388, "side": "buy", "size": "252.50000000", "price": "0.19782000", "time": "2025-07-15T23:20:51.830358Z", "fetched_at": "2025-07-15T23:23:24.557102+00:00", "symbol": "DOGE-USD"}, {"trade_id": 139189387, "side": "buy", "size": "5.60000000", "price": "0.19784000", "time": "2025-07-15T23:20:51.402656Z", "fetched_at": "2025-07-15T23:23:24.557102+00:00", "symbol": "DOGE-USD"}, {"trade_id": 139189386, "side": "buy", "size": "18.70000000", "price": "0.19784000", "time": "2025-07-15T23:20:51.402656Z", "fetched_at": "2025-07-15T23:23:24.557102+00:00", "symbol": "DOGE-USD"}, {"trade_id": 139189385, "side": "buy", "size": "5.60000000", "price": "0.19786000", "time": "2025-07-15T23:20:49.362939Z", "fetched_at": "2025-07-15T23:23:24.557102+00:00", "symbol": "DOGE-USD"}, {"trade_id": 139189384, "side": "buy", "size": "5.60000000", "price": "0.19788000", "time": "2025-07-15T23:20:49.093864Z", "fetched_at": "2025-07-15T23:23:24.557102+00:00", "symbol": "DOGE-USD"}, {"trade_id": 139189383, "side": "buy", "size": "5.60000000", "price": "0.19790000", "time": "2025-07-15T23:20:48.738909Z", "fetched_at": "2025-07-15T23:23:24.557102+00:00", "symbol": "DOGE-USD"}, {"trade_id": 139189382, "side": "buy", "size": "6.60000000", "price": "0.19792000", "time": "2025-07-15T23:20:48.611459Z", "fetched_at": "2025-07-15T23:23:24.557102+00:00", "symbol": "DOGE-USD"}, {"trade_id": 139189381, "side": "buy", "size": "5.60000000", "price": "0.19792000", "time": "2025-07-15T23:20:48.611459Z", "fetched_at": "2025-07-15T23:23:24.557102+00:00", "symbol": "DOGE-USD"}, {"trade_id": 139189380, "side": "buy", "size": "5.60000000", "price": "0.19794000", "time": "2025-07-15T23:20:48.311580Z", "fetched_at": "2025-07-15T23:23:24.557102+00:00", "symbol": "DOGE-USD"}, {"trade_id": 139189379, "side": "buy", "size": "2000.00000000", "price": "0.19795000", "time": "2025-07-15T23:20:48.185828Z", "fetched_at": "2025-07-15T23:23:24.557102+00:00", "symbol": "DOGE-USD"}, {"trade_id": 139189378, "side": "buy", "size": "56.70000000", "price": "0.19796000", "time": "2025-07-15T23:20:48.185828Z", "fetched_at": "2025-07-15T23:23:24.557102+00:00", "symbol": "DOGE-USD"}, {"trade_id": 139189377, "side": "sell", "size": "11.60000000", "price": "0.19800000", "time": "2025-07-15T23:20:46.323980Z", "fetched_at": "2025-07-15T23:23:24.557102+00:00", "symbol": "DOGE-USD"}, {"trade_id": 139189376, "side": "sell", "size": "51.90000000", "price": "0.19802000", "time": "2025-07-15T23:20:45.253652Z", "fetched_at": "2025-07-15T23:23:24.557102+00:00", "symbol": "DOGE-USD"}, {"trade_id": 139189375, "side": "sell", "size": "5.60000000", "price": "0.19802000", "time": "2025-07-15T23:20:45.253652Z", "fetched_at": "2025-07-15T23:23:24.557102+00:00", "symbol": "DOGE-USD"}, {"trade_id": 139189374, "side": "sell", "size": "56.60000000", "price": "0.19801000", "time": "2025-07-15T23:20:45.253652Z", "fetched_at": "2025-07-15T23:23:24.557102+00:00", "symbol": "DOGE-USD"}, {"trade_id": 139189373, "side": "sell", "size": "5.60000000", "price": "0.19800000", "time": "2025-07-15T23:20:45.253652Z", "fetched_at": "2025-07-15T23:23:24.557102+00:00", "symbol": "DOGE-USD"}, {"trade_id": 139189372, "side": "sell", "size": "5.60000000", "price": "0.19798000", "time": "2025-07-15T23:20:44.496588Z", "fetched_at": "2025-07-15T23:23:24.557102+00:00", "symbol": "DOGE-USD"}, {"trade_id": 139189371, "side": "buy", "size": "201.10000000", "price": "0.19794000", "time": "2025-07-15T23:20:44.310243Z", "fetched_at": "2025-07-15T23:23:24.557102+00:00", "symbol": "DOGE-USD"}, {"trade_id": 139189370, "side": "buy", "size": "4121.90000000", "price": "0.19794000", "time": "2025-07-15T23:20:44.310243Z", "fetched_at": "2025-07-15T23:23:24.557102+00:00", "symbol": "DOGE-USD"}, {"trade_id": 139189369, "side": "buy", "size": "1593.00000000", "price": "0.19795000", "time": "2025-07-15T23:20:44.310243Z", "fetched_at": "2025-07-15T23:23:24.557102+00:00", "symbol": "DOGE-USD"}, {"trade_id": 139189368, "side": "buy", "size": "56.70000000", "price": "0.19796000", "time": "2025-07-15T23:20:44.310243Z", "fetched_at": "2025-07-15T23:23:24.557102+00:00", "symbol": "DOGE-USD"}, {"trade_id": 139189367, "side": "buy", "size": "1390.20000000", "price": "0.19797000", "time": "2025-07-15T23:20:44.310243Z", "fetched_at": "2025-07-15T23:23:24.557102+00:00", "symbol": "DOGE-USD"}, {"trade_id": 139189366, "side": "buy", "size": "1554.60000000", "price": "0.19797000", "time": "2025-07-15T23:20:44.310243Z", "fetched_at": "2025-07-15T23:23:24.557102+00:00", "symbol": "DOGE-USD"}, {"trade_id": 139189365, "side": "buy", "size": "5.60000000", "price": "0.19794000", "time": "2025-07-15T23:20:36.272347Z", "fetched_at": "2025-07-15T23:23:24.557102+00:00", "symbol": "DOGE-USD"}, {"trade_id": 139189364, "side": "buy", "size": "5.60000000", "price": "0.19796000", "time": "2025-07-15T23:20:36.066189Z", "fetched_at": "2025-07-15T23:23:24.557102+00:00", "symbol": "DOGE-USD"}, {"trade_id": 139189363, "side": "buy", "size": "5.60000000", "price": "0.19798000", "time": "2025-07-15T23:20:35.547989Z", "fetched_at": "2025-07-15T23:23:24.557102+00:00", "symbol": "DOGE-USD"}, {"trade_id": 139189362, "side": "sell", "size": "23.90000000", "price": "0.19799000", "time": "2025-07-15T23:20:35.080831Z", "fetched_at": "2025-07-15T23:23:24.557102+00:00", "symbol": "DOGE-USD"}, {"trade_id": 139189361, "side": "buy", "size": "5.60000000", "price": "0.19800000", "time": "2025-07-15T23:20:34.252560Z", "fetched_at": "2025-07-15T23:23:24.557102+00:00", "symbol": "DOGE-USD"}, {"trade_id": 139189360, "side": "buy", "size": "5.60000000", "price": "0.19802000", "time": "2025-07-15T23:20:33.161545Z", "fetched_at": "2025-07-15T23:23:24.557102+00:00", "symbol": "DOGE-USD"}, {"trade_id": 139189359, "side": "sell", "size": "24.50000000", "price": "0.19805000", "time": "2025-07-15T23:20:32.219384Z", "fetched_at": "2025-07-15T23:23:24.557102+00:00", "symbol": "DOGE-USD"}, {"trade_id": 139189358, "side": "buy", "size": "5.60000000", "price": "0.19804000", "time": "2025-07-15T23:20:31.232629Z", "fetched_at": "2025-07-15T23:23:24.557102+00:00", "symbol": "DOGE-USD"}, {"trade_id": 139189357, "side": "buy", "size": "5.60000000", "price": "0.19806000", "time": "2025-07-15T23:20:28.484392Z", "fetched_at": "2025-07-15T23:23:24.557102+00:00", "symbol": "DOGE-USD"}, {"trade_id": 139189356, "side": "buy", "size": "183.20000000", "price": "0.19806000", "time": "2025-07-15T23:20:28.484392Z", "fetched_at": "2025-07-15T23:23:24.557102+00:00", "symbol": "DOGE-USD"}, {"trade_id": 139189355, "side": "buy", "size": "5.60000000", "price": "0.19802000", "time": "2025-07-15T23:20:22.974545Z", "fetched_at": "2025-07-15T23:23:24.557102+00:00", "symbol": "DOGE-USD"}, {"trade_id": 139189354, "side": "buy", "size": "5.60000000", "price": "0.19804000", "time": "2025-07-15T23:20:22.954147Z", "fetched_at": "2025-07-15T23:23:24.557102+00:00", "symbol": "DOGE-USD"}, {"trade_id": 139189353, "side": "buy", "size": "252.40000000", "price": "0.19806000", "time": "2025-07-15T23:20:20.907452Z", "fetched_at": "2025-07-15T23:23:24.557102+00:00", "symbol": "DOGE-USD"}, {"trade_id": 139189352, "side": "buy", "size": "700.60000000", "price": "0.19805000", "time": "2025-07-15T23:20:19.950660Z", "fetched_at": "2025-07-15T23:23:24.557102+00:00", "symbol": "DOGE-USD"}, {"trade_id": 139189351, "side": "buy", "size": "175.00000000", "price": "0.19806000", "time": "2025-07-15T23:20:19.262127Z", "fetched_at": "2025-07-15T23:23:24.557102+00:00", "symbol": "DOGE-USD"}, {"trade_id": 139189350, "side": "buy", "size": "175.00000000", "price": "0.19805000", "time": "2025-07-15T23:20:19.206239Z", "fetched_at": "2025-07-15T23:23:24.557102+00:00", "symbol": "DOGE-USD"}, {"trade_id": 139189349, "side": "buy", "size": "28.70000000", "price": "0.19805000", "time": "2025-07-15T23:20:18.373384Z", "fetched_at": "2025-07-15T23:23:24.557102+00:00", "symbol": "DOGE-USD"}, {"trade_id": 139189348, "side": "buy", "size": "316.00000000", "price": "0.19806000", "time": "2025-07-15T23:20:18.373384Z", "fetched_at": "2025-07-15T23:23:24.557102+00:00", "symbol": "DOGE-USD"}, {"trade_id": 139189347, "side": "sell", "size": "3979.80000000", "price": "0.19809000", "time": "2025-07-15T23:20:18.143037Z", "fetched_at": "2025-07-15T23:23:24.557102+00:00", "symbol": "DOGE-USD"}, {"trade_id": 139189346, "side": "sell", "size": "4139.80000000", "price": "0.19809000", "time": "2025-07-15T23:20:18.143037Z", "fetched_at": "2025-07-15T23:23:24.557102+00:00", "symbol": "DOGE-USD"}, {"trade_id": 139189345, "side": "sell", "size": "4141.00000000", "price": "0.19809000", "time": "2025-07-15T23:20:18.143037Z", "fetched_at": "2025-07-15T23:23:24.557102+00:00", "symbol": "DOGE-USD"}, {"trade_id": 139189344, "side": "sell", "size": "56.60000000", "price": "0.19808000", "time": "2025-07-15T23:20:18.143037Z", "fetched_at": "2025-07-15T23:23:24.557102+00:00", "symbol": "DOGE-USD"}, {"trade_id": 139189343, "side": "sell", "size": "1690.60000000", "price": "0.19808000", "time": "2025-07-15T23:20:18.143037Z", "fetched_at": "2025-07-15T23:23:24.557102+00:00", "symbol": "DOGE-USD"}, {"trade_id": 139189342, "side": "sell", "size": "1559.20000000", "price": "0.19807000", "time": "2025-07-15T23:20:18.143037Z", "fetched_at": "2025-07-15T23:23:24.557102+00:00", "symbol": "DOGE-USD"}, {"trade_id": 139189341, "side": "buy", "size": "60.60000000", "price": "0.19807000", "time": "2025-07-15T23:20:16.323494Z", "fetched_at": "2025-07-15T23:23:24.557102+00:00", "symbol": "DOGE-USD"}, {"trade_id": 139189340, "side": "buy", "size": "2.20000000", "price": "0.19807000", "time": "2025-07-15T23:20:15.075946Z", "fetched_at": "2025-07-15T23:23:24.557102+00:00", "symbol": "DOGE-USD"}, {"trade_id": 139189339, "side": "buy", "size": "5.10000000", "price": "0.19807000", "time": "2025-07-15T23:20:13.711925Z", "fetched_at": "2025-07-15T23:23:24.557102+00:00", "symbol": "DOGE-USD"}, {"trade_id": 139189338, "side": "sell", "size": "47.90000000", "price": "0.19803000", "time": "2025-07-15T23:20:12.355744Z", "fetched_at": "2025-07-15T23:23:24.557102+00:00", "symbol": "DOGE-USD"}, {"trade_id": 139189337, "side": "buy", "size": "5.60000000", "price": "0.19804000", "time": "2025-07-15T23:20:12.000963Z", "fetched_at": "2025-07-15T23:23:24.557102+00:00", "symbol": "DOGE-USD"}, {"trade_id": 139189336, "side": "sell", "size": "60.40000000", "price": "0.19810000", "time": "2025-07-15T23:20:08.872674Z", "fetched_at": "2025-07-15T23:23:24.557102+00:00", "symbol": "DOGE-USD"}, {"trade_id": 139189335, "side": "sell", "size": "56.60000000", "price": "0.19809000", "time": "2025-07-15T23:20:08.872674Z", "fetched_at": "2025-07-15T23:23:24.557102+00:00", "symbol": "DOGE-USD"}, {"trade_id": 139189334, "side": "sell", "size": "5.60000000", "price": "0.19808000", "time": "2025-07-15T23:20:08.872674Z", "fetched_at": "2025-07-15T23:23:24.557102+00:00", "symbol": "DOGE-USD"}, {"trade_id": 139189333, "side": "buy", "size": "0.20000000", "price": "0.19807000", "time": "2025-07-15T23:20:07.282293Z", "fetched_at": "2025-07-15T23:23:24.557102+00:00", "symbol": "DOGE-USD"}, {"trade_id": 139189332, "side": "buy", "size": "1048.80000000", "price": "0.19796000", "time": "2025-07-15T23:20:03.052746Z", "fetched_at": "2025-07-15T23:23:24.557102+00:00", "symbol": "DOGE-USD"}, {"trade_id": 139189331, "side": "buy", "size": "5.60000000", "price": "0.19796000", "time": "2025-07-15T23:20:03.052746Z", "fetched_at": "2025-07-15T23:23:24.557102+00:00", "symbol": "DOGE-USD"}, {"trade_id": 139189330, "side": "buy", "size": "5.60000000", "price": "0.19798000", "time": "2025-07-15T23:20:02.797815Z", "fetched_at": "2025-07-15T23:23:24.557102+00:00", "symbol": "DOGE-USD"}, {"trade_id": 139189329, "side": "buy", "size": "6897.80000000", "price": "0.19799000", "time": "2025-07-15T23:20:02.366781Z", "fetched_at": "2025-07-15T23:23:24.557102+00:00", "symbol": "DOGE-USD"}, {"trade_id": 139189328, "side": "buy", "size": "1593.00000000", "price": "0.19799000", "time": "2025-07-15T23:20:02.366781Z", "fetched_at": "2025-07-15T23:23:24.557102+00:00", "symbol": "DOGE-USD"}, {"trade_id": 139189327, "side": "buy", "size": "3989.00000000", "price": "0.19800000", "time": "2025-07-15T23:20:02.366767Z", "fetched_at": "2025-07-15T23:23:24.557102+00:00", "symbol": "DOGE-USD"}, {"trade_id": 139189326, "side": "buy", "size": "5.60000000", "price": "0.19800000", "time": "2025-07-15T23:20:02.366767Z", "fetched_at": "2025-07-15T23:23:24.557102+00:00", "symbol": "DOGE-USD"}, {"trade_id": 139189325, "side": "buy", "size": "42.20000000", "price": "0.19801000", "time": "2025-07-15T23:20:02.366767Z", "fetched_at": "2025-07-15T23:23:24.557102+00:00", "symbol": "DOGE-USD"}, {"trade_id": 139189324, "side": "buy", "size": "40.30000000", "price": "0.19801000", "time": "2025-07-15T23:20:02.366767Z", "fetched_at": "2025-07-15T23:23:24.557102+00:00", "symbol": "DOGE-USD"}, {"trade_id": 139189323, "side": "buy", "size": "1639.40000000", "price": "0.19805000", "time": "2025-07-15T23:20:02.260432Z", "fetched_at": "2025-07-15T23:23:24.557102+00:00", "symbol": "DOGE-USD"}, {"trade_id": 139189322, "side": "sell", "size": "2349.80000000", "price": "0.19811000", "time": "2025-07-15T23:20:01.926370Z", "fetched_at": "2025-07-15T23:23:24.557102+00:00", "symbol": "DOGE-USD"}, {"trade_id": 139189321, "side": "sell", "size": "4172.50000000", "price": "0.19810000", "time": "2025-07-15T23:20:01.926370Z", "fetched_at": "2025-07-15T23:23:24.557102+00:00", "symbol": "DOGE-USD"}, {"trade_id": 139189320, "side": "sell", "size": "1357.20000000", "price": "0.19809000", "time": "2025-07-15T23:20:01.926370Z", "fetched_at": "2025-07-15T23:23:24.557102+00:00", "symbol": "DOGE-USD"}, {"trade_id": 139189319, "side": "sell", "size": "56.60000000", "price": "0.19809000", "time": "2025-07-15T23:20:01.926370Z", "fetched_at": "2025-07-15T23:23:24.557102+00:00", "symbol": "DOGE-USD"}, {"trade_id": 139189318, "side": "buy", "size": "5.60000000", "price": "0.19802000", "time": "2025-07-15T23:20:01.552550Z", "fetched_at": "2025-07-15T23:23:24.557102+00:00", "symbol": "DOGE-USD"}, {"trade_id": 139189317, "side": "buy", "size": "6903.20000000", "price": "0.19802000", "time": "2025-07-15T23:20:01.552550Z", "fetched_at": "2025-07-15T23:23:24.557102+00:00", "symbol": "DOGE-USD"}, {"trade_id": 139189316, "side": "buy", "size": "1593.00000000", "price": "0.19802000", "time": "2025-07-15T23:20:01.552550Z", "fetched_at": "2025-07-15T23:23:24.557102+00:00", "symbol": "DOGE-USD"}, {"trade_id": 139189315, "side": "buy", "size": "6897.80000000", "price": "0.19804000", "time": "2025-07-15T23:20:01.550919Z", "fetched_at": "2025-07-15T23:23:24.557102+00:00", "symbol": "DOGE-USD"}, {"trade_id": 139189314, "side": "buy", "size": "273.60000000", "price": "0.19804000", "time": "2025-07-15T23:20:01.550919Z", "fetched_at": "2025-07-15T23:23:24.557102+00:00", "symbol": "DOGE-USD"}, {"trade_id": 139189313, "side": "buy", "size": "1593.00000000", "price": "0.19806000", "time": "2025-07-15T23:20:01.549755Z", "fetched_at": "2025-07-15T23:23:24.557102+00:00", "symbol": "DOGE-USD"}, {"trade_id": 139189312, "side": "buy", "size": "56.60000000", "price": "0.19808000", "time": "2025-07-15T23:20:01.544081Z", "fetched_at": "2025-07-15T23:23:24.557102+00:00", "symbol": "DOGE-USD"}, {"trade_id": 139189311, "side": "sell", "size": "526.40000000", "price": "0.19812000", "time": "2025-07-15T23:20:01.512041Z", "fetched_at": "2025-07-15T23:23:24.557102+00:00", "symbol": "DOGE-USD"}, {"trade_id": 139189310, "side": "sell", "size": "363.90000000", "price": "0.19812000", "time": "2025-07-15T23:20:01.511961Z", "fetched_at": "2025-07-15T23:23:24.557102+00:00", "symbol": "DOGE-USD"}, {"trade_id": 139189309, "side": "sell", "size": "1593.00000000", "price": "0.19812000", "time": "2025-07-15T23:20:01.511961Z", "fetched_at": "2025-07-15T23:23:24.557102+00:00", "symbol": "DOGE-USD"}, {"trade_id": 139189308, "side": "sell", "size": "445.20000000", "price": "0.19811000", "time": "2025-07-15T23:20:01.511961Z", "fetched_at": "2025-07-15T23:23:24.557102+00:00", "symbol": "DOGE-USD"}, {"trade_id": 139189307, "side": "sell", "size": "791.10000000", "price": "0.19810000", "time": "2025-07-15T23:20:01.511961Z", "fetched_at": "2025-07-15T23:23:24.557102+00:00", "symbol": "DOGE-USD"}, {"trade_id": 139189306, "side": "sell", "size": "157.50000000", "price": "0.19810000", "time": "2025-07-15T23:20:01.511961Z", "fetched_at": "2025-07-15T23:23:24.557102+00:00", "symbol": "DOGE-USD"}, {"trade_id": 139189305, "side": "sell", "size": "1435.50000000", "price": "0.19810000", "time": "2025-07-15T23:20:01.511391Z", "fetched_at": "2025-07-15T23:23:24.557102+00:00", "symbol": "DOGE-USD"}, {"trade_id": 139189304, "side": "buy", "size": "1745.00000000", "price": "0.19804000", "time": "2025-07-15T23:20:01.467912Z", "fetched_at": "2025-07-15T23:23:24.557102+00:00", "symbol": "DOGE-USD"}, {"trade_id": 139189303, "side": "buy", "size": "5.60000000", "price": "0.19804000", "time": "2025-07-15T23:20:01.467912Z", "fetched_at": "2025-07-15T23:23:24.557102+00:00", "symbol": "DOGE-USD"}, {"trade_id": 139189302, "side": "buy", "size": "3027.60000000", "price": "0.19808000", "time": "2025-07-15T23:20:01.467912Z", "fetched_at": "2025-07-15T23:23:24.557102+00:00", "symbol": "DOGE-USD"}, {"trade_id": 139189301, "side": "buy", "size": "713.30000000", "price": "0.19811000", "time": "2025-07-15T23:20:01.467824Z", "fetched_at": "2025-07-15T23:23:24.557102+00:00", "symbol": "DOGE-USD"}, {"trade_id": 139189300, "side": "buy", "size": "3233.50000000", "price": "0.19811000", "time": "2025-07-15T23:20:01.462303Z", "fetched_at": "2025-07-15T23:23:24.557102+00:00", "symbol": "DOGE-USD"}, {"trade_id": 139189299, "side": "buy", "size": "791.10000000", "price": "0.19811000", "time": "2025-07-15T23:20:01.457244Z", "fetched_at": "2025-07-15T23:23:24.557102+00:00", "symbol": "DOGE-USD"}, {"trade_id": 139189298, "side": "buy", "size": "5693.90000000", "price": "0.19804000", "time": "2025-07-15T23:20:01.441326Z", "fetched_at": "2025-07-15T23:23:24.557102+00:00", "symbol": "DOGE-USD"}, {"trade_id": 139189297, "side": "buy", "size": "504.90000000", "price": "0.19805000", "time": "2025-07-15T23:20:01.441326Z", "fetched_at": "2025-07-15T23:23:24.557102+00:00", "symbol": "DOGE-USD"}, {"trade_id": 139189296, "side": "buy", "size": "1593.00000000", "price": "0.19805000", "time": "2025-07-15T23:20:01.441326Z", "fetched_at": "2025-07-15T23:23:24.557102+00:00", "symbol": "DOGE-USD"}, {"trade_id": 139189295, "side": "buy", "size": "1135.60000000", "price": "0.19805000", "time": "2025-07-15T23:20:01.441326Z", "fetched_at": "2025-07-15T23:23:24.557102+00:00", "symbol": "DOGE-USD"}, {"trade_id": 139189294, "side": "buy", "size": "5767.60000000", "price": "0.19805000", "time": "2025-07-15T23:20:01.439640Z", "fetched_at": "2025-07-15T23:23:24.557102+00:00", "symbol": "DOGE-USD"}, {"trade_id": 139189293, "side": "buy", "size": "6900.50000000", "price": "0.19806000", "time": "2025-07-15T23:20:01.438247Z", "fetched_at": "2025-07-15T23:23:24.557102+00:00", "symbol": "DOGE-USD"}, {"trade_id": 139189292, "side": "buy", "size": "5.60000000", "price": "0.19806000", "time": "2025-07-15T23:20:01.438247Z", "fetched_at": "2025-07-15T23:23:24.557102+00:00", "symbol": "DOGE-USD"}, {"trade_id": 139189291, "side": "buy", "size": "3906.90000000", "price": "0.19807000", "time": "2025-07-15T23:20:01.438042Z", "fetched_at": "2025-07-15T23:23:24.557102+00:00", "symbol": "DOGE-USD"}, {"trade_id": 139189290, "side": "buy", "size": "1093.10000000", "price": "0.19807000", "time": "2025-07-15T23:20:01.437898Z", "fetched_at": "2025-07-15T23:23:24.557102+00:00", "symbol": "DOGE-USD"}, {"trade_id": 139189289, "side": "buy", "size": "3942.30000000", "price": "0.19807000", "time": "2025-07-15T23:20:01.437898Z", "fetched_at": "2025-07-15T23:23:24.557102+00:00", "symbol": "DOGE-USD"}, {"trade_id": 139189288, "side": "buy", "size": "2958.20000000", "price": "0.19807000", "time": "2025-07-15T23:20:01.436965Z", "fetched_at": "2025-07-15T23:23:24.557102+00:00", "symbol": "DOGE-USD"}, {"trade_id": 139189287, "side": "buy", "size": "1593.00000000", "price": "0.19807000", "time": "2025-07-15T23:20:01.436965Z", "fetched_at": "2025-07-15T23:23:24.557102+00:00", "symbol": "DOGE-USD"}, {"trade_id": 139189286, "side": "buy", "size": "1901.30000000", "price": "0.19808000", "time": "2025-07-15T23:20:01.436965Z", "fetched_at": "2025-07-15T23:23:24.557102+00:00", "symbol": "DOGE-USD"}, {"trade_id": 139189285, "side": "buy", "size": "2000.00000000", "price": "0.19808000", "time": "2025-07-15T23:20:01.436965Z", "fetched_at": "2025-07-15T23:23:24.557102+00:00", "symbol": "DOGE-USD"}, {"trade_id": 139189284, "side": "buy", "size": "5.60000000", "price": "0.19808000", "time": "2025-07-15T23:20:01.436965Z", "fetched_at": "2025-07-15T23:23:24.557102+00:00", "symbol": "DOGE-USD"}, {"trade_id": 139189283, "side": "buy", "size": "54.00000000", "price": "0.19815000", "time": "2025-07-15T23:20:01.432511Z", "fetched_at": "2025-07-15T23:23:24.557102+00:00", "symbol": "DOGE-USD"}, {"trade_id": 139189282, "side": "buy", "size": "1298.00000000", "price": "0.19809000", "time": "2025-07-15T23:20:01.428406Z", "fetched_at": "2025-07-15T23:23:24.557102+00:00", "symbol": "DOGE-USD"}, {"trade_id": 139189281, "side": "buy", "size": "6898.80000000", "price": "0.19809000", "time": "2025-07-15T23:20:01.428406Z", "fetched_at": "2025-07-15T23:23:24.557102+00:00", "symbol": "DOGE-USD"}, {"trade_id": 139189280, "side": "buy", "size": "5.60000000", "price": "0.19810000", "time": "2025-07-15T23:20:01.424902Z", "fetched_at": "2025-07-15T23:23:24.557102+00:00", "symbol": "DOGE-USD"}, {"trade_id": 139189279, "side": "buy", "size": "6898.80000000", "price": "0.19810000", "time": "2025-07-15T23:20:01.424902Z", "fetched_at": "2025-07-15T23:23:24.557102+00:00", "symbol": "DOGE-USD"}, {"trade_id": 139189278, "side": "buy", "size": "1593.00000000", "price": "0.19810000", "time": "2025-07-15T23:20:01.424902Z", "fetched_at": "2025-07-15T23:23:24.557102+00:00", "symbol": "DOGE-USD"}, {"trade_id": 139189277, "side": "buy", "size": "2500.00000000", "price": "0.19811000", "time": "2025-07-15T23:20:01.424829Z", "fetched_at": "2025-07-15T23:23:24.557102+00:00", "symbol": "DOGE-USD"}, {"trade_id": 139189276, "side": "buy", "size": "1631.40000000", "price": "0.19811000", "time": "2025-07-15T23:20:01.424829Z", "fetched_at": "2025-07-15T23:23:24.557102+00:00", "symbol": "DOGE-USD"}, {"trade_id": 139189275, "side": "buy", "size": "6898.80000000", "price": "0.19811000", "time": "2025-07-15T23:20:01.424829Z", "fetched_at": "2025-07-15T23:23:24.557102+00:00", "symbol": "DOGE-USD"}, {"trade_id": 139189274, "side": "buy", "size": "2304.00000000", "price": "0.19812000", "time": "2025-07-15T23:20:01.423852Z", "fetched_at": "2025-07-15T23:23:24.557102+00:00", "symbol": "DOGE-USD"}, {"trade_id": 139189273, "side": "buy", "size": "1631.40000000", "price": "0.19812000", "time": "2025-07-15T23:20:01.423852Z", "fetched_at": "2025-07-15T23:23:24.557102+00:00", "symbol": "DOGE-USD"}, {"trade_id": 139189272, "side": "buy", "size": "4142.20000000", "price": "0.19812000", "time": "2025-07-15T23:20:01.423852Z", "fetched_at": "2025-07-15T23:23:24.557102+00:00", "symbol": "DOGE-USD"}, {"trade_id": 139189271, "side": "buy", "size": "2756.60000000", "price": "0.19812000", "time": "2025-07-15T23:20:01.423702Z", "fetched_at": "2025-07-15T23:23:24.557102+00:00", "symbol": "DOGE-USD"}, {"trade_id": 139189270, "side": "buy", "size": "5.60000000", "price": "0.19812000", "time": "2025-07-15T23:20:01.423702Z", "fetched_at": "2025-07-15T23:23:24.557102+00:00", "symbol": "DOGE-USD"}, {"trade_id": 139189269, "side": "buy", "size": "6897.80000000", "price": "0.19813000", "time": "2025-07-15T23:20:01.420778Z", "fetched_at": "2025-07-15T23:23:24.557102+00:00", "symbol": "DOGE-USD"}, {"trade_id": 139189268, "side": "buy", "size": "2511.20000000", "price": "0.19813000", "time": "2025-07-15T23:20:01.420778Z", "fetched_at": "2025-07-15T23:23:24.557102+00:00", "symbol": "DOGE-USD"}, {"trade_id": 139189267, "side": "buy", "size": "1631.40000000", "price": "0.19813000", "time": "2025-07-15T23:20:01.420778Z", "fetched_at": "2025-07-15T23:23:24.557102+00:00", "symbol": "DOGE-USD"}, {"trade_id": 139189266, "side": "buy", "size": "10000.00000000", "price": "0.19813000", "time": "2025-07-15T23:20:01.420778Z", "fetched_at": "2025-07-15T23:23:24.557102+00:00", "symbol": "DOGE-USD"}, {"trade_id": 139189265, "side": "buy", "size": "1593.00000000", "price": "0.19813000", "time": "2025-07-15T23:20:01.420778Z", "fetched_at": "2025-07-15T23:23:24.557102+00:00", "symbol": "DOGE-USD"}, {"trade_id": 139189264, "side": "buy", "size": "4142.00000000", "price": "0.19814000", "time": "2025-07-15T23:20:01.420778Z", "fetched_at": "2025-07-15T23:23:24.557102+00:00", "symbol": "DOGE-USD"}, {"trade_id": 139189263, "side": "buy", "size": "1631.40000000", "price": "0.19814000", "time": "2025-07-15T23:20:01.420778Z", "fetched_at": "2025-07-15T23:23:24.557102+00:00", "symbol": "DOGE-USD"}, {"trade_id": 139189262, "side": "buy", "size": "2628.50000000", "price": "0.19814000", "time": "2025-07-15T23:20:01.420778Z", "fetched_at": "2025-07-15T23:23:24.557102+00:00", "symbol": "DOGE-USD"}, {"trade_id": 139189261, "side": "buy", "size": "9463.70000000", "price": "0.19814000", "time": "2025-07-15T23:20:01.420778Z", "fetched_at": "2025-07-15T23:23:24.557102+00:00", "symbol": "DOGE-USD"}, {"trade_id": 139189260, "side": "buy", "size": "1631.40000000", "price": "0.19814000", "time": "2025-07-15T23:20:01.420778Z", "fetched_at": "2025-07-15T23:23:24.557102+00:00", "symbol": "DOGE-USD"}, {"trade_id": 139189259, "side": "buy", "size": "5.60000000", "price": "0.19814000", "time": "2025-07-15T23:20:01.420778Z", "fetched_at": "2025-07-15T23:23:24.557102+00:00", "symbol": "DOGE-USD"}, {"trade_id": 139189258, "side": "buy", "size": "54.00000000", "price": "0.19815000", "time": "2025-07-15T23:20:01.420778Z", "fetched_at": "2025-07-15T23:23:24.557102+00:00", "symbol": "DOGE-USD"}, {"trade_id": 139189257, "side": "buy", "size": "5.60000000", "price": "0.19816000", "time": "2025-07-15T23:20:01.420778Z", "fetched_at": "2025-07-15T23:23:24.557102+00:00", "symbol": "DOGE-USD"}, {"trade_id": 139189256, "side": "buy", "size": "1.20000000", "price": "0.19819000", "time": "2025-07-15T23:20:01.043619Z", "fetched_at": "2025-07-15T23:23:24.557102+00:00", "symbol": "DOGE-USD"}, {"trade_id": 139189255, "side": "buy", "size": "56.60000000", "price": "0.19820000", "time": "2025-07-15T23:20:00.146917Z", "fetched_at": "2025-07-15T23:23:24.557102+00:00", "symbol": "DOGE-USD"}, {"trade_id": 139189254, "side": "sell", "size": "6664.10000000", "price": "0.19826000", "time": "2025-07-15T23:19:58.632477Z", "fetched_at": "2025-07-15T23:23:24.557102+00:00", "symbol": "DOGE-USD"}, {"trade_id": 139189253, "side": "sell", "size": "4169.90000000", "price": "0.19824000", "time": "2025-07-15T23:19:58.632477Z", "fetched_at": "2025-07-15T23:23:24.557102+00:00", "symbol": "DOGE-USD"}, {"trade_id": 139189252, "side": "sell", "size": "5.60000000", "price": "0.19824000", "time": "2025-07-15T23:19:58.632477Z", "fetched_at": "2025-07-15T23:23:24.557102+00:00", "symbol": "DOGE-USD"}, {"trade_id": 139189251, "side": "sell", "size": "1371.80000000", "price": "0.19823000", "time": "2025-07-15T23:19:58.632477Z", "fetched_at": "2025-07-15T23:23:24.557102+00:00", "symbol": "DOGE-USD"}, {"trade_id": 139189250, "side": "sell", "size": "44.20000000", "price": "0.19822000", "time": "2025-07-15T23:19:58.632477Z", "fetched_at": "2025-07-15T23:23:24.557102+00:00", "symbol": "DOGE-USD"}, {"trade_id": 139189249, "side": "sell", "size": "5.60000000", "price": "0.19822000", "time": "2025-07-15T23:19:58.632477Z", "fetched_at": "2025-07-15T23:23:24.557102+00:00", "symbol": "DOGE-USD"}, {"trade_id": 139189248, "side": "sell", "size": "5.60000000", "price": "0.19820000", "time": "2025-07-15T23:19:58.632477Z", "fetched_at": "2025-07-15T23:23:24.557102+00:00", "symbol": "DOGE-USD"}, {"trade_id": 139189247, "side": "sell", "size": "5.60000000", "price": "0.19818000", "time": "2025-07-15T23:19:58.028368Z", "fetched_at": "2025-07-15T23:23:24.557102+00:00", "symbol": "DOGE-USD"}, {"trade_id": 139189246, "side": "buy", "size": "9705.30000000", "price": "0.19816000", "time": "2025-07-15T23:19:56.836626Z", "fetched_at": "2025-07-15T23:23:24.557102+00:00", "symbol": "DOGE-USD"}, {"trade_id": 139189245, "side": "buy", "size": "2160.50000000", "price": "0.19816000", "time": "2025-07-15T23:19:56.815469Z", "fetched_at": "2025-07-15T23:23:24.557102+00:00", "symbol": "DOGE-USD"}, {"trade_id": 139189244, "side": "sell", "size": "177.60000000", "price": "0.19818000", "time": "2025-07-15T23:19:52.648663Z", "fetched_at": "2025-07-15T23:23:24.557102+00:00", "symbol": "DOGE-USD"}, {"trade_id": 139189243, "side": "sell", "size": "56.60000000", "price": "0.19817000", "time": "2025-07-15T23:19:52.648663Z", "fetched_at": "2025-07-15T23:23:24.557102+00:00", "symbol": "DOGE-USD"}, {"trade_id": 139189242, "side": "sell", "size": "5.60000000", "price": "0.19816000", "time": "2025-07-15T23:19:52.648663Z", "fetched_at": "2025-07-15T23:23:24.557102+00:00", "symbol": "DOGE-USD"}, {"trade_id": 139189241, "side": "sell", "size": "5.60000000", "price": "0.19814000", "time": "2025-07-15T23:19:52.648663Z", "fetched_at": "2025-07-15T23:23:24.557102+00:00", "symbol": "DOGE-USD"}, {"trade_id": 139189240, "side": "sell", "size": "187.30000000", "price": "0.19812000", "time": "2025-07-15T23:19:49.467078Z", "fetched_at": "2025-07-15T23:23:24.557102+00:00", "symbol": "DOGE-USD"}, {"trade_id": 139189239, "side": "sell", "size": "52.20000000", "price": "0.19812000", "time": "2025-07-15T23:19:49.467078Z", "fetched_at": "2025-07-15T23:23:24.557102+00:00", "symbol": "DOGE-USD"}, {"trade_id": 139189238, "side": "buy", "size": "629.20000000", "price": "0.19811000", "time": "2025-07-15T23:19:48.532327Z", "fetched_at": "2025-07-15T23:23:24.557102+00:00", "symbol": "DOGE-USD"}, {"trade_id": 139189237, "side": "buy", "size": "109.70000000", "price": "0.19811000", "time": "2025-07-15T23:19:48.532327Z", "fetched_at": "2025-07-15T23:23:24.557102+00:00", "symbol": "DOGE-USD"}, {"trade_id": 139189236, "side": "buy", "size": "109.60000000", "price": "0.19811000", "time": "2025-07-15T23:19:48.532327Z", "fetched_at": "2025-07-15T23:23:24.557102+00:00", "symbol": "DOGE-USD"}, {"trade_id": 139189235, "side": "sell", "size": "5.60000000", "price": "0.19812000", "time": "2025-07-15T23:19:46.484374Z", "fetched_at": "2025-07-15T23:23:24.557102+00:00", "symbol": "DOGE-USD"}, {"trade_id": 139189234, "side": "sell", "size": "5.60000000", "price": "0.19810000", "time": "2025-07-15T23:19:46.313012Z", "fetched_at": "2025-07-15T23:23:24.557102+00:00", "symbol": "DOGE-USD"}, {"trade_id": 139189233, "side": "sell", "size": "5.60000000", "price": "0.19806000", "time": "2025-07-15T23:19:45.971953Z", "fetched_at": "2025-07-15T23:23:24.557102+00:00", "symbol": "DOGE-USD"}, {"trade_id": 139189232, "side": "sell", "size": "728.10000000", "price": "0.19805000", "time": "2025-07-15T23:19:45.911035Z", "fetched_at": "2025-07-15T23:23:24.557102+00:00", "symbol": "DOGE-USD"}, {"trade_id": 139189231, "side": "sell", "size": "56.70000000", "price": "0.19804000", "time": "2025-07-15T23:19:45.418250Z", "fetched_at": "2025-07-15T23:23:24.557102+00:00", "symbol": "DOGE-USD"}, {"trade_id": 139189230, "side": "sell", "size": "56.70000000", "price": "0.19804000", "time": "2025-07-15T23:19:45.406059Z", "fetched_at": "2025-07-15T23:23:24.557102+00:00", "symbol": "DOGE-USD"}, {"trade_id": 139189229, "side": "buy", "size": "51.00000000", "price": "0.19802000", "time": "2025-07-15T23:19:45.344413Z", "fetched_at": "2025-07-15T23:23:24.557102+00:00", "symbol": "DOGE-USD"}, {"trade_id": 139189228, "side": "buy", "size": "390.60000000", "price": "0.19804000", "time": "2025-07-15T23:19:43.610304Z", "fetched_at": "2025-07-15T23:23:24.557102+00:00", "symbol": "DOGE-USD"}, {"trade_id": 139189227, "side": "buy", "size": "5.60000000", "price": "0.19804000", "time": "2025-07-15T23:19:43.610304Z", "fetched_at": "2025-07-15T23:23:24.557102+00:00", "symbol": "DOGE-USD"}, {"trade_id": 139189226, "side": "buy", "size": "383.70000000", "price": "0.19808000", "time": "2025-07-15T23:19:41.049438Z", "fetched_at": "2025-07-15T23:23:24.557102+00:00", "symbol": "DOGE-USD"}, {"trade_id": 139189225, "side": "buy", "size": "56.60000000", "price": "0.19810000", "time": "2025-07-15T23:19:40.923068Z", "fetched_at": "2025-07-15T23:23:24.557102+00:00", "symbol": "DOGE-USD"}, {"trade_id": 139189224, "side": "buy", "size": "438.50000000", "price": "0.19813000", "time": "2025-07-15T23:19:40.915718Z", "fetched_at": "2025-07-15T23:23:24.557102+00:00", "symbol": "DOGE-USD"}, {"trade_id": 139189223, "side": "sell", "size": "5.60000000", "price": "0.19812000", "time": "2025-07-15T23:19:39.049093Z", "fetched_at": "2025-07-15T23:23:24.557102+00:00", "symbol": "DOGE-USD"}, {"trade_id": 139189222, "side": "sell", "size": "4225.40000000", "price": "0.19811000", "time": "2025-07-15T23:19:38.508026Z", "fetched_at": "2025-07-15T23:23:24.557102+00:00", "symbol": "DOGE-USD"}, {"trade_id": 139189221, "side": "sell", "size": "5.60000000", "price": "0.19810000", "time": "2025-07-15T23:19:38.183270Z", "fetched_at": "2025-07-15T23:23:24.557102+00:00", "symbol": "DOGE-USD"}, {"trade_id": 139189220, "side": "sell", "size": "5.00000000", "price": "0.19808000", "time": "2025-07-15T23:19:38.183270Z", "fetched_at": "2025-07-15T23:23:24.557102+00:00", "symbol": "DOGE-USD"}, {"trade_id": 139189219, "side": "sell", "size": "5.60000000", "price": "0.19804000", "time": "2025-07-15T23:19:37.662186Z", "fetched_at": "2025-07-15T23:23:24.557102+00:00", "symbol": "DOGE-USD"}, {"trade_id": 139189218, "side": "sell", "size": "56.70000000", "price": "0.19800000", "time": "2025-07-15T23:19:37.564244Z", "fetched_at": "2025-07-15T23:23:24.557102+00:00", "symbol": "DOGE-USD"}, {"trade_id": 139189217, "side": "sell", "size": "12986.40000000", "price": "0.19802000", "time": "2025-07-15T23:19:37.552664Z", "fetched_at": "2025-07-15T23:23:24.557102+00:00", "symbol": "DOGE-USD"}, {"trade_id": 139189216, "side": "sell", "size": "5881.60000000", "price": "0.19802000", "time": "2025-07-15T23:19:37.551500Z", "fetched_at": "2025-07-15T23:23:24.557102+00:00", "symbol": "DOGE-USD"}, {"trade_id": 139189215, "side": "sell", "size": "1899.10000000", "price": "0.19802000", "time": "2025-07-15T23:19:37.551500Z", "fetched_at": "2025-07-15T23:23:24.557102+00:00", "symbol": "DOGE-USD"}, {"trade_id": 139189214, "side": "sell", "size": "1593.00000000", "price": "0.19802000", "time": "2025-07-15T23:19:37.551500Z", "fetched_at": "2025-07-15T23:23:24.557102+00:00", "symbol": "DOGE-USD"}, {"trade_id": 139189213, "side": "sell", "size": "1404.40000000", "price": "0.19801000", "time": "2025-07-15T23:19:37.549569Z", "fetched_at": "2025-07-15T23:23:24.557102+00:00", "symbol": "DOGE-USD"}, {"trade_id": 139189212, "side": "sell", "size": "6905.40000000", "price": "0.19801000", "time": "2025-07-15T23:19:37.549569Z", "fetched_at": "2025-07-15T23:23:24.557102+00:00", "symbol": "DOGE-USD"}, {"trade_id": 139189211, "side": "sell", "size": "56.70000000", "price": "0.19798000", "time": "2025-07-15T23:19:37.548783Z", "fetched_at": "2025-07-15T23:23:24.557102+00:00", "symbol": "DOGE-USD"}, {"trade_id": 139189210, "side": "sell", "size": "6.60000000", "price": "0.19796000", "time": "2025-07-15T23:19:37.088259Z", "fetched_at": "2025-07-15T23:23:24.557102+00:00", "symbol": "DOGE-USD"}, {"trade_id": 139189209, "side": "sell", "size": "316.00000000", "price": "0.19795000", "time": "2025-07-15T23:19:33.899692Z", "fetched_at": "2025-07-15T23:23:24.557102+00:00", "symbol": "DOGE-USD"}, {"trade_id": 139189208, "side": "sell", "size": "56.70000000", "price": "0.19797000", "time": "2025-07-15T23:19:33.821605Z", "fetched_at": "2025-07-15T23:23:24.557102+00:00", "symbol": "DOGE-USD"}, {"trade_id": 139189207, "side": "sell", "size": "460.90000000", "price": "0.19798000", "time": "2025-07-15T23:19:33.400655Z", "fetched_at": "2025-07-15T23:23:24.557102+00:00", "symbol": "DOGE-USD"}, {"trade_id": 139189206, "side": "sell", "size": "5.60000000", "price": "0.19798000", "time": "2025-07-15T23:19:33.400655Z", "fetched_at": "2025-07-15T23:23:24.557102+00:00", "symbol": "DOGE-USD"}, {"trade_id": 139189205, "side": "sell", "size": "730.90000000", "price": "0.19797000", "time": "2025-07-15T23:19:33.400655Z", "fetched_at": "2025-07-15T23:23:24.557102+00:00", "symbol": "DOGE-USD"}, {"trade_id": 139189204, "side": "buy", "size": "0.10000000", "price": "0.19793000", "time": "2025-07-15T23:19:26.884829Z", "fetched_at": "2025-07-15T23:23:24.557102+00:00", "symbol": "DOGE-USD"}, {"trade_id": 139189203, "side": "buy", "size": "5.60000000", "price": "0.19794000", "time": "2025-07-15T23:19:20.419004Z", "fetched_at": "2025-07-15T23:23:24.557102+00:00", "symbol": "DOGE-USD"}, {"trade_id": 139189202, "side": "buy", "size": "5.60000000", "price": "0.19796000", "time": "2025-07-15T23:19:19.918647Z", "fetched_at": "2025-07-15T23:23:24.557102+00:00", "symbol": "DOGE-USD"}, {"trade_id": 139189201, "side": "buy", "size": "730.90000000", "price": "0.19798000", "time": "2025-07-15T23:19:19.795085Z", "fetched_at": "2025-07-15T23:23:24.557102+00:00", "symbol": "DOGE-USD"}, {"trade_id": 139189200, "side": "buy", "size": "5.60000000", "price": "0.19798000", "time": "2025-07-15T23:19:19.795085Z", "fetched_at": "2025-07-15T23:23:24.557102+00:00", "symbol": "DOGE-USD"}, {"trade_id": 139189199, "side": "buy", "size": "5.60000000", "price": "0.19800000", "time": "2025-07-15T23:19:16.165259Z", "fetched_at": "2025-07-15T23:23:24.557102+00:00", "symbol": "DOGE-USD"}, {"trade_id": 139189198, "side": "buy", "size": "5.60000000", "price": "0.19802000", "time": "2025-07-15T23:19:13.881262Z", "fetched_at": "2025-07-15T23:23:24.557102+00:00", "symbol": "DOGE-USD"}, {"trade_id": 139189197, "side": "sell", "size": "188.70000000", "price": "0.19804000", "time": "2025-07-15T23:19:12.110479Z", "fetched_at": "2025-07-15T23:23:24.557102+00:00", "symbol": "DOGE-USD"}, {"trade_id": 139189196, "side": "sell", "size": "56.60000000", "price": "0.19803000", "time": "2025-07-15T23:19:12.110479Z", "fetched_at": "2025-07-15T23:23:24.557102+00:00", "symbol": "DOGE-USD"}, {"trade_id": 139189195, "side": "sell", "size": "5.60000000", "price": "0.19806000", "time": "2025-07-15T23:19:09.455998Z", "fetched_at": "2025-07-15T23:23:24.557102+00:00", "symbol": "DOGE-USD"}, {"trade_id": 139189194, "side": "buy", "size": "2.90000000", "price": "0.19803000", "time": "2025-07-15T23:19:07.711851Z", "fetched_at": "2025-07-15T23:23:24.557102+00:00", "symbol": "DOGE-USD"}, {"trade_id": 139189193, "side": "sell", "size": "547.20000000", "price": "0.19804000", "time": "2025-07-15T23:19:06.819491Z", "fetched_at": "2025-07-15T23:23:24.557102+00:00", "symbol": "DOGE-USD"}, {"trade_id": 139189192, "side": "sell", "size": "51.40000000", "price": "0.19803000", "time": "2025-07-15T23:19:06.819491Z", "fetched_at": "2025-07-15T23:23:24.557102+00:00", "symbol": "DOGE-USD"}, {"trade_id": 139189191, "side": "buy", "size": "5.60000000", "price": "0.19800000", "time": "2025-07-15T23:19:03.079370Z", "fetched_at": "2025-07-15T23:23:24.557102+00:00", "symbol": "DOGE-USD"}, {"trade_id": 139189190, "side": "sell", "size": "0.60000000", "price": "0.19808000", "time": "2025-07-15T23:18:58.612183Z", "fetched_at": "2025-07-15T23:23:24.557102+00:00", "symbol": "DOGE-USD"}, {"trade_id": 139189189, "side": "sell", "size": "5.60000000", "price": "0.19804000", "time": "2025-07-15T23:18:58.425143Z", "fetched_at": "2025-07-15T23:23:24.557102+00:00", "symbol": "DOGE-USD"}, {"trade_id": 139189188, "side": "buy", "size": "5.60000000", "price": "0.19800000", "time": "2025-07-15T23:18:53.025357Z", "fetched_at": "2025-07-15T23:23:24.557102+00:00", "symbol": "DOGE-USD"}, {"trade_id": 139189187, "side": "buy", "size": "6265.90000000", "price": "0.19800000", "time": "2025-07-15T23:18:53.025357Z", "fetched_at": "2025-07-15T23:23:24.557102+00:00", "symbol": "DOGE-USD"}, {"trade_id": 139189186, "side": "buy", "size": "56.70000000", "price": "0.19801000", "time": "2025-07-15T23:18:53.023392Z", "fetched_at": "2025-07-15T23:23:24.557102+00:00", "symbol": "DOGE-USD"}, {"trade_id": 139189185, "side": "buy", "size": "5.60000000", "price": "0.19802000", "time": "2025-07-15T23:18:53.023392Z", "fetched_at": "2025-07-15T23:23:24.557102+00:00", "symbol": "DOGE-USD"}, {"trade_id": 139189184, "side": "buy", "size": "5.60000000", "price": "0.19804000", "time": "2025-07-15T23:18:52.780631Z", "fetched_at": "2025-07-15T23:23:24.557102+00:00", "symbol": "DOGE-USD"}, {"trade_id": 139189183, "side": "buy", "size": "5.60000000", "price": "0.19806000", "time": "2025-07-15T23:18:51.925879Z", "fetched_at": "2025-07-15T23:23:24.557102+00:00", "symbol": "DOGE-USD"}, {"trade_id": 139189182, "side": "buy", "size": "5.60000000", "price": "0.19808000", "time": "2025-07-15T23:18:51.305890Z", "fetched_at": "2025-07-15T23:23:24.557102+00:00", "symbol": "DOGE-USD"}, {"trade_id": 139189181, "side": "buy", "size": "5.10000000", "price": "0.19810000", "time": "2025-07-15T23:18:46.303011Z", "fetched_at": "2025-07-15T23:23:24.557102+00:00", "symbol": "DOGE-USD"}, {"trade_id": 139189180, "side": "sell", "size": "1544.00000000", "price": "0.19810000", "time": "2025-07-15T23:18:45.596609Z", "fetched_at": "2025-07-15T23:23:24.557102+00:00", "symbol": "DOGE-USD"}