[{"trade_id": 139188346, "side": "buy", "size": "564.40000000", "price": "0.19856000", "time": "2025-07-15T23:10:47.012543Z", "fetched_at": "2025-07-15T23:10:50.230866+00:00", "symbol": "DOGE-USD"}, {"trade_id": 139188345, "side": "sell", "size": "37.30000000", "price": "0.19852000", "time": "2025-07-15T23:10:46.913425Z", "fetched_at": "2025-07-15T23:10:50.230866+00:00", "symbol": "DOGE-USD"}, {"trade_id": 139188344, "side": "sell", "size": "20369.00000000", "price": "0.19853000", "time": "2025-07-15T23:10:46.900743Z", "fetched_at": "2025-07-15T23:10:50.230866+00:00", "symbol": "DOGE-USD"}, {"trade_id": 139188343, "side": "sell", "size": "37.30000000", "price": "0.19852000", "time": "2025-07-15T23:10:46.900743Z", "fetched_at": "2025-07-15T23:10:50.230866+00:00", "symbol": "DOGE-USD"}, {"trade_id": 139188342, "side": "buy", "size": "5.60000000", "price": "0.19850000", "time": "2025-07-15T23:10:46.389444Z", "fetched_at": "2025-07-15T23:10:50.230866+00:00", "symbol": "DOGE-USD"}, {"trade_id": 139188341, "side": "buy", "size": "5.60000000", "price": "0.19852000", "time": "2025-07-15T23:10:46.346680Z", "fetched_at": "2025-07-15T23:10:50.230866+00:00", "symbol": "DOGE-USD"}, {"trade_id": 139188340, "side": "buy", "size": "5.60000000", "price": "0.19854000", "time": "2025-07-15T23:10:45.110924Z", "fetched_at": "2025-07-15T23:10:50.230866+00:00", "symbol": "DOGE-USD"}, {"trade_id": 139188339, "side": "buy", "size": "5.60000000", "price": "0.19856000", "time": "2025-07-15T23:10:44.169177Z", "fetched_at": "2025-07-15T23:10:50.230866+00:00", "symbol": "DOGE-USD"}, {"trade_id": 139188338, "side": "buy", "size": "5.60000000", "price": "0.19858000", "time": "2025-07-15T23:10:43.498004Z", "fetched_at": "2025-07-15T23:10:50.230866+00:00", "symbol": "DOGE-USD"}, {"trade_id": 139188337, "side": "buy", "size": "16091.20000000", "price": "0.19859000", "time": "2025-07-15T23:10:43.494253Z", "fetched_at": "2025-07-15T23:10:50.230866+00:00", "symbol": "DOGE-USD"}, {"trade_id": 139188336, "side": "buy", "size": "32245.60000000", "price": "0.19859000", "time": "2025-07-15T23:10:43.489852Z", "fetched_at": "2025-07-15T23:10:50.230866+00:00", "symbol": "DOGE-USD"}, {"trade_id": 139188335, "side": "buy", "size": "884.40000000", "price": "0.19860000", "time": "2025-07-15T23:10:43.489852Z", "fetched_at": "2025-07-15T23:10:50.230866+00:00", "symbol": "DOGE-USD"}, {"trade_id": 139188334, "side": "buy", "size": "5.60000000", "price": "0.19860000", "time": "2025-07-15T23:10:43.489852Z", "fetched_at": "2025-07-15T23:10:50.230866+00:00", "symbol": "DOGE-USD"}, {"trade_id": 139188333, "side": "buy", "size": "5.60000000", "price": "0.19862000", "time": "2025-07-15T23:10:40.351821Z", "fetched_at": "2025-07-15T23:10:50.230866+00:00", "symbol": "DOGE-USD"}, {"trade_id": 139188332, "side": "buy", "size": "884.40000000", "price": "0.19863000", "time": "2025-07-15T23:10:40.351821Z", "fetched_at": "2025-07-15T23:10:50.230866+00:00", "symbol": "DOGE-USD"}, {"trade_id": 139188331, "side": "buy", "size": "884.40000000", "price": "0.19864000", "time": "2025-07-15T23:10:40.342155Z", "fetched_at": "2025-07-15T23:10:50.230866+00:00", "symbol": "DOGE-USD"}, {"trade_id": 139188330, "side": "sell", "size": "497.90000000", "price": "0.19865000", "time": "2025-07-15T23:10:40.302479Z", "fetched_at": "2025-07-15T23:10:50.230866+00:00", "symbol": "DOGE-USD"}, {"trade_id": 139188329, "side": "buy", "size": "135.40000000", "price": "0.19865000", "time": "2025-07-15T23:10:40.175512Z", "fetched_at": "2025-07-15T23:10:50.230866+00:00", "symbol": "DOGE-USD"}, {"trade_id": 139188328, "side": "buy", "size": "253.10000000", "price": "0.19864000", "time": "2025-07-15T23:10:37.547840Z", "fetched_at": "2025-07-15T23:10:50.230866+00:00", "symbol": "DOGE-USD"}, {"trade_id": 139188327, "side": "sell", "size": "140.50000000", "price": "0.19865000", "time": "2025-07-15T23:10:36.805467Z", "fetched_at": "2025-07-15T23:10:50.230866+00:00", "symbol": "DOGE-USD"}, {"trade_id": 139188326, "side": "sell", "size": "347.90000000", "price": "0.19863000", "time": "2025-07-15T23:10:36.805467Z", "fetched_at": "2025-07-15T23:10:50.230866+00:00", "symbol": "DOGE-USD"}, {"trade_id": 139188325, "side": "buy", "size": "815.60000000", "price": "0.19864000", "time": "2025-07-15T23:10:36.443907Z", "fetched_at": "2025-07-15T23:10:50.230866+00:00", "symbol": "DOGE-USD"}, {"trade_id": 139188324, "side": "buy", "size": "5.60000000", "price": "0.19864000", "time": "2025-07-15T23:10:36.443907Z", "fetched_at": "2025-07-15T23:10:50.230866+00:00", "symbol": "DOGE-USD"}, {"trade_id": 139188323, "side": "sell", "size": "45.30000000", "price": "0.19865000", "time": "2025-07-15T23:10:35.624547Z", "fetched_at": "2025-07-15T23:10:50.230866+00:00", "symbol": "DOGE-USD"}, {"trade_id": 139188322, "side": "buy", "size": "9.90000000", "price": "0.19866000", "time": "2025-07-15T23:10:35.612130Z", "fetched_at": "2025-07-15T23:10:50.230866+00:00", "symbol": "DOGE-USD"}, {"trade_id": 139188321, "side": "buy", "size": "5.60000000", "price": "0.19866000", "time": "2025-07-15T23:10:35.612130Z", "fetched_at": "2025-07-15T23:10:50.230866+00:00", "symbol": "DOGE-USD"}, {"trade_id": 139188320, "side": "buy", "size": "5.60000000", "price": "0.19868000", "time": "2025-07-15T23:10:35.389407Z", "fetched_at": "2025-07-15T23:10:50.230866+00:00", "symbol": "DOGE-USD"}, {"trade_id": 139188319, "side": "buy", "size": "884.40000000", "price": "0.19869000", "time": "2025-07-15T23:10:35.221997Z", "fetched_at": "2025-07-15T23:10:50.230866+00:00", "symbol": "DOGE-USD"}, {"trade_id": 139188318, "side": "buy", "size": "884.40000000", "price": "0.19870000", "time": "2025-07-15T23:10:35.221997Z", "fetched_at": "2025-07-15T23:10:50.230866+00:00", "symbol": "DOGE-USD"}, {"trade_id": 139188317, "side": "buy", "size": "5.60000000", "price": "0.19870000", "time": "2025-07-15T23:10:35.221997Z", "fetched_at": "2025-07-15T23:10:50.230866+00:00", "symbol": "DOGE-USD"}, {"trade_id": 139188316, "side": "buy", "size": "5.60000000", "price": "0.19872000", "time": "2025-07-15T23:10:34.460193Z", "fetched_at": "2025-07-15T23:10:50.230866+00:00", "symbol": "DOGE-USD"}, {"trade_id": 139188315, "side": "buy", "size": "5.60000000", "price": "0.19874000", "time": "2025-07-15T23:10:34.075771Z", "fetched_at": "2025-07-15T23:10:50.230866+00:00", "symbol": "DOGE-USD"}, {"trade_id": 139188314, "side": "sell", "size": "322.20000000", "price": "0.19875000", "time": "2025-07-15T23:10:33.419647Z", "fetched_at": "2025-07-15T23:10:50.230866+00:00", "symbol": "DOGE-USD"}, {"trade_id": 139188313, "side": "sell", "size": "25.70000000", "price": "0.19875000", "time": "2025-07-15T23:10:33.419647Z", "fetched_at": "2025-07-15T23:10:50.230866+00:00", "symbol": "DOGE-USD"}, {"trade_id": 139188312, "side": "sell", "size": "322.20000000", "price": "0.19875000", "time": "2025-07-15T23:10:33.409721Z", "fetched_at": "2025-07-15T23:10:50.230866+00:00", "symbol": "DOGE-USD"}, {"trade_id": 139188311, "side": "sell", "size": "347.90000000", "price": "0.19876000", "time": "2025-07-15T23:10:33.399334Z", "fetched_at": "2025-07-15T23:10:50.230866+00:00", "symbol": "DOGE-USD"}, {"trade_id": 139188310, "side": "sell", "size": "322.20000000", "price": "0.19875000", "time": "2025-07-15T23:10:33.399334Z", "fetched_at": "2025-07-15T23:10:50.230866+00:00", "symbol": "DOGE-USD"}, {"trade_id": 139188309, "side": "sell", "size": "521.80000000", "price": "0.19875000", "time": "2025-07-15T23:10:33.399334Z", "fetched_at": "2025-07-15T23:10:50.230866+00:00", "symbol": "DOGE-USD"}, {"trade_id": 139188308, "side": "buy", "size": "2169.10000000", "price": "0.19876000", "time": "2025-07-15T23:10:33.270176Z", "fetched_at": "2025-07-15T23:10:50.230866+00:00", "symbol": "DOGE-USD"}, {"trade_id": 139188307, "side": "buy", "size": "5.60000000", "price": "0.19876000", "time": "2025-07-15T23:10:33.270176Z", "fetched_at": "2025-07-15T23:10:50.230866+00:00", "symbol": "DOGE-USD"}, {"trade_id": 139188306, "side": "buy", "size": "2000.00000000", "price": "0.19878000", "time": "2025-07-15T23:10:33.264042Z", "fetched_at": "2025-07-15T23:10:50.230866+00:00", "symbol": "DOGE-USD"}, {"trade_id": 139188305, "side": "buy", "size": "56.40000000", "price": "0.19878000", "time": "2025-07-15T23:10:33.264042Z", "fetched_at": "2025-07-15T23:10:50.230866+00:00", "symbol": "DOGE-USD"}, {"trade_id": 139188304, "side": "buy", "size": "5.60000000", "price": "0.19878000", "time": "2025-07-15T23:10:33.264042Z", "fetched_at": "2025-07-15T23:10:50.230866+00:00", "symbol": "DOGE-USD"}, {"trade_id": 139188303, "side": "buy", "size": "5.60000000", "price": "0.19880000", "time": "2025-07-15T23:10:33.264042Z", "fetched_at": "2025-07-15T23:10:50.230866+00:00", "symbol": "DOGE-USD"}, {"trade_id": 139188302, "side": "buy", "size": "884.40000000", "price": "0.19882000", "time": "2025-07-15T23:10:33.253330Z", "fetched_at": "2025-07-15T23:10:50.230866+00:00", "symbol": "DOGE-USD"}, {"trade_id": 139188301, "side": "buy", "size": "5.60000000", "price": "0.19882000", "time": "2025-07-15T23:10:33.253330Z", "fetched_at": "2025-07-15T23:10:50.230866+00:00", "symbol": "DOGE-USD"}, {"trade_id": 139188300, "side": "buy", "size": "884.40000000", "price": "0.19884000", "time": "2025-07-15T23:10:31.382741Z", "fetched_at": "2025-07-15T23:10:50.230866+00:00", "symbol": "DOGE-USD"}, {"trade_id": 139188299, "side": "buy", "size": "5.60000000", "price": "0.19884000", "time": "2025-07-15T23:10:31.382741Z", "fetched_at": "2025-07-15T23:10:50.230866+00:00", "symbol": "DOGE-USD"}, {"trade_id": 139188298, "side": "buy", "size": "884.40000000", "price": "0.19887000", "time": "2025-07-15T23:10:29.205254Z", "fetched_at": "2025-07-15T23:10:50.230866+00:00", "symbol": "DOGE-USD"}, {"trade_id": 139188297, "side": "buy", "size": "181.60000000", "price": "0.19886000", "time": "2025-07-15T23:10:28.598272Z", "fetched_at": "2025-07-15T23:10:50.230866+00:00", "symbol": "DOGE-USD"}, {"trade_id": 139188296, "side": "buy", "size": "5.60000000", "price": "0.19886000", "time": "2025-07-15T23:10:28.598272Z", "fetched_at": "2025-07-15T23:10:50.230866+00:00", "symbol": "DOGE-USD"}, {"trade_id": 139188295, "side": "buy", "size": "5.60000000", "price": "0.19888000", "time": "2025-07-15T23:10:28.280136Z", "fetched_at": "2025-07-15T23:10:50.230866+00:00", "symbol": "DOGE-USD"}, {"trade_id": 139188294, "side": "buy", "size": "884.40000000", "price": "0.19893000", "time": "2025-07-15T23:10:27.660058Z", "fetched_at": "2025-07-15T23:10:50.230866+00:00", "symbol": "DOGE-USD"}, {"trade_id": 139188293, "side": "sell", "size": "3075.60000000", "price": "0.19891000", "time": "2025-07-15T23:10:26.432116Z", "fetched_at": "2025-07-15T23:10:50.230866+00:00", "symbol": "DOGE-USD"}, {"trade_id": 139188292, "side": "sell", "size": "2638.50000000", "price": "0.19891000", "time": "2025-07-15T23:10:26.410098Z", "fetched_at": "2025-07-15T23:10:50.230866+00:00", "symbol": "DOGE-USD"}, {"trade_id": 139188291, "side": "sell", "size": "5047.80000000", "price": "0.19891000", "time": "2025-07-15T23:10:26.399521Z", "fetched_at": "2025-07-15T23:10:50.230866+00:00", "symbol": "DOGE-USD"}, {"trade_id": 139188290, "side": "sell", "size": "2570.70000000", "price": "0.19891000", "time": "2025-07-15T23:10:26.379424Z", "fetched_at": "2025-07-15T23:10:50.230866+00:00", "symbol": "DOGE-USD"}, {"trade_id": 139188289, "side": "sell", "size": "2701.90000000", "price": "0.19891000", "time": "2025-07-15T23:10:26.369291Z", "fetched_at": "2025-07-15T23:10:50.230866+00:00", "symbol": "DOGE-USD"}, {"trade_id": 139188288, "side": "sell", "size": "3117.20000000", "price": "0.19891000", "time": "2025-07-15T23:10:26.358465Z", "fetched_at": "2025-07-15T23:10:50.230866+00:00", "symbol": "DOGE-USD"}, {"trade_id": 139188287, "side": "sell", "size": "276.70000000", "price": "0.19891000", "time": "2025-07-15T23:10:26.345965Z", "fetched_at": "2025-07-15T23:10:50.230866+00:00", "symbol": "DOGE-USD"}, {"trade_id": 139188286, "side": "sell", "size": "2284.70000000", "price": "0.19891000", "time": "2025-07-15T23:10:26.345965Z", "fetched_at": "2025-07-15T23:10:50.230866+00:00", "symbol": "DOGE-USD"}, {"trade_id": 139188285, "side": "sell", "size": "5766.00000000", "price": "0.19891000", "time": "2025-07-15T23:10:26.335662Z", "fetched_at": "2025-07-15T23:10:50.230866+00:00", "symbol": "DOGE-USD"}, {"trade_id": 139188284, "side": "sell", "size": "3702.20000000", "price": "0.19891000", "time": "2025-07-15T23:10:26.312914Z", "fetched_at": "2025-07-15T23:10:50.230866+00:00", "symbol": "DOGE-USD"}, {"trade_id": 139188283, "side": "sell", "size": "5071.70000000", "price": "0.19891000", "time": "2025-07-15T23:10:26.296321Z", "fetched_at": "2025-07-15T23:10:50.230866+00:00", "symbol": "DOGE-USD"}, {"trade_id": 139188282, "side": "sell", "size": "4300.60000000", "price": "0.19891000", "time": "2025-07-15T23:10:26.276113Z", "fetched_at": "2025-07-15T23:10:50.230866+00:00", "symbol": "DOGE-USD"}, {"trade_id": 139188281, "side": "sell", "size": "11035.10000000", "price": "0.19891000", "time": "2025-07-15T23:10:26.258868Z", "fetched_at": "2025-07-15T23:10:50.230866+00:00", "symbol": "DOGE-USD"}, {"trade_id": 139188280, "side": "sell", "size": "5388.00000000", "price": "0.19891000", "time": "2025-07-15T23:10:26.247997Z", "fetched_at": "2025-07-15T23:10:50.230866+00:00", "symbol": "DOGE-USD"}, {"trade_id": 139188279, "side": "buy", "size": "5.60000000", "price": "0.19888000", "time": "2025-07-15T23:10:24.170061Z", "fetched_at": "2025-07-15T23:10:50.230866+00:00", "symbol": "DOGE-USD"}, {"trade_id": 139188278, "side": "sell", "size": "3.70000000", "price": "0.19889000", "time": "2025-07-15T23:10:23.268410Z", "fetched_at": "2025-07-15T23:10:50.230866+00:00", "symbol": "DOGE-USD"}, {"trade_id": 139188277, "side": "sell", "size": "347.90000000", "price": "0.19889000", "time": "2025-07-15T23:10:22.391292Z", "fetched_at": "2025-07-15T23:10:50.230866+00:00", "symbol": "DOGE-USD"}, {"trade_id": 139188276, "side": "sell", "size": "603.00000000", "price": "0.19897000", "time": "2025-07-15T23:10:22.359005Z", "fetched_at": "2025-07-15T23:10:50.230866+00:00", "symbol": "DOGE-USD"}, {"trade_id": 139188275, "side": "sell", "size": "1593.00000000", "price": "0.19897000", "time": "2025-07-15T23:10:22.359005Z", "fetched_at": "2025-07-15T23:10:50.230866+00:00", "symbol": "DOGE-USD"}, {"trade_id": 139188274, "side": "sell", "size": "15692.40000000", "price": "0.19896000", "time": "2025-07-15T23:10:22.359005Z", "fetched_at": "2025-07-15T23:10:50.230866+00:00", "symbol": "DOGE-USD"}, {"trade_id": 139188273, "side": "sell", "size": "1641.40000000", "price": "0.19896000", "time": "2025-07-15T23:10:22.359005Z", "fetched_at": "2025-07-15T23:10:50.230866+00:00", "symbol": "DOGE-USD"}, {"trade_id": 139188272, "side": "sell", "size": "6871.80000000", "price": "0.19896000", "time": "2025-07-15T23:10:22.359005Z", "fetched_at": "2025-07-15T23:10:50.230866+00:00", "symbol": "DOGE-USD"}, {"trade_id": 139188271, "side": "sell", "size": "2481.70000000", "price": "0.19895000", "time": "2025-07-15T23:10:22.359005Z", "fetched_at": "2025-07-15T23:10:50.230866+00:00", "symbol": "DOGE-USD"}, {"trade_id": 139188270, "side": "sell", "size": "1641.40000000", "price": "0.19895000", "time": "2025-07-15T23:10:22.359005Z", "fetched_at": "2025-07-15T23:10:50.230866+00:00", "symbol": "DOGE-USD"}, {"trade_id": 139188269, "side": "sell", "size": "6871.80000000", "price": "0.19895000", "time": "2025-07-15T23:10:22.359005Z", "fetched_at": "2025-07-15T23:10:50.230866+00:00", "symbol": "DOGE-USD"}, {"trade_id": 139188268, "side": "sell", "size": "1593.00000000", "price": "0.19895000", "time": "2025-07-15T23:10:22.359005Z", "fetched_at": "2025-07-15T23:10:50.230866+00:00", "symbol": "DOGE-USD"}, {"trade_id": 139188267, "side": "sell", "size": "3232.30000000", "price": "0.19894000", "time": "2025-07-15T23:10:22.359005Z", "fetched_at": "2025-07-15T23:10:50.230866+00:00", "symbol": "DOGE-USD"}, {"trade_id": 139188266, "side": "sell", "size": "6873.10000000", "price": "0.19894000", "time": "2025-07-15T23:10:22.359005Z", "fetched_at": "2025-07-15T23:10:50.230866+00:00", "symbol": "DOGE-USD"}, {"trade_id": 139188265, "side": "sell", "size": "1641.40000000", "price": "0.19894000", "time": "2025-07-15T23:10:22.359005Z", "fetched_at": "2025-07-15T23:10:50.230866+00:00", "symbol": "DOGE-USD"}, {"trade_id": 139188264, "side": "sell", "size": "4385.20000000", "price": "0.19893000", "time": "2025-07-15T23:10:22.359005Z", "fetched_at": "2025-07-15T23:10:50.230866+00:00", "symbol": "DOGE-USD"}, {"trade_id": 139188263, "side": "sell", "size": "4374.80000000", "price": "0.19893000", "time": "2025-07-15T23:10:22.359005Z", "fetched_at": "2025-07-15T23:10:50.230866+00:00", "symbol": "DOGE-USD"}, {"trade_id": 139188262, "side": "sell", "size": "4367.80000000", "price": "0.19893000", "time": "2025-07-15T23:10:22.359005Z", "fetched_at": "2025-07-15T23:10:50.230866+00:00", "symbol": "DOGE-USD"}, {"trade_id": 139188261, "side": "sell", "size": "6873.10000000", "price": "0.19893000", "time": "2025-07-15T23:10:22.359005Z", "fetched_at": "2025-07-15T23:10:50.230866+00:00", "symbol": "DOGE-USD"}, {"trade_id": 139188260, "side": "sell", "size": "1593.00000000", "price": "0.19893000", "time": "2025-07-15T23:10:22.359005Z", "fetched_at": "2025-07-15T23:10:50.230866+00:00", "symbol": "DOGE-USD"}, {"trade_id": 139188259, "side": "sell", "size": "56.40000000", "price": "0.19892000", "time": "2025-07-15T23:10:22.359005Z", "fetched_at": "2025-07-15T23:10:50.230866+00:00", "symbol": "DOGE-USD"}, {"trade_id": 139188258, "side": "sell", "size": "1593.00000000", "price": "0.19891000", "time": "2025-07-15T23:10:22.359005Z", "fetched_at": "2025-07-15T23:10:50.230866+00:00", "symbol": "DOGE-USD"}, {"trade_id": 139188257, "side": "sell", "size": "1460.90000000", "price": "0.19890000", "time": "2025-07-15T23:10:22.359005Z", "fetched_at": "2025-07-15T23:10:50.230866+00:00", "symbol": "DOGE-USD"}, {"trade_id": 139188256, "side": "sell", "size": "1425.50000000", "price": "0.19889000", "time": "2025-07-15T23:10:22.359005Z", "fetched_at": "2025-07-15T23:10:50.230866+00:00", "symbol": "DOGE-USD"}, {"trade_id": 139188255, "side": "sell", "size": "347.90000000", "price": "0.19889000", "time": "2025-07-15T23:10:22.359005Z", "fetched_at": "2025-07-15T23:10:50.230866+00:00", "symbol": "DOGE-USD"}, {"trade_id": 139188254, "side": "sell", "size": "333.20000000", "price": "0.19889000", "time": "2025-07-15T23:10:22.359005Z", "fetched_at": "2025-07-15T23:10:50.230866+00:00", "symbol": "DOGE-USD"}, {"trade_id": 139188253, "side": "sell", "size": "322.20000000", "price": "0.19889000", "time": "2025-07-15T23:10:22.359005Z", "fetched_at": "2025-07-15T23:10:50.230866+00:00", "symbol": "DOGE-USD"}, {"trade_id": 139188252, "side": "sell", "size": "347.90000000", "price": "0.19891000", "time": "2025-07-15T23:10:21.019636Z", "fetched_at": "2025-07-15T23:10:50.230866+00:00", "symbol": "DOGE-USD"}, {"trade_id": 139188251, "side": "sell", "size": "347.90000000", "price": "0.19891000", "time": "2025-07-15T23:10:21.006687Z", "fetched_at": "2025-07-15T23:10:50.230866+00:00", "symbol": "DOGE-USD"}, {"trade_id": 139188250, "side": "buy", "size": "191.20000000", "price": "0.19889000", "time": "2025-07-15T23:10:20.994869Z", "fetched_at": "2025-07-15T23:10:50.230866+00:00", "symbol": "DOGE-USD"}, {"trade_id": 139188249, "side": "buy", "size": "56.40000000", "price": "0.19890000", "time": "2025-07-15T23:10:20.994869Z", "fetched_at": "2025-07-15T23:10:50.230866+00:00", "symbol": "DOGE-USD"}, {"trade_id": 139188248, "side": "buy", "size": "5.60000000", "price": "0.19890000", "time": "2025-07-15T23:10:20.994869Z", "fetched_at": "2025-07-15T23:10:50.230866+00:00", "symbol": "DOGE-USD"}, {"trade_id": 139188247, "side": "sell", "size": "347.90000000", "price": "0.19891000", "time": "2025-07-15T23:10:20.991828Z", "fetched_at": "2025-07-15T23:10:50.230866+00:00", "symbol": "DOGE-USD"}, {"trade_id": 139188246, "side": "sell", "size": "347.90000000", "price": "0.19892000", "time": "2025-07-15T23:10:20.964142Z", "fetched_at": "2025-07-15T23:10:50.230866+00:00", "symbol": "DOGE-USD"}, {"trade_id": 139188245, "side": "sell", "size": "322.20000000", "price": "0.19893000", "time": "2025-07-15T23:10:20.920728Z", "fetched_at": "2025-07-15T23:10:50.230866+00:00", "symbol": "DOGE-USD"}, {"trade_id": 139188244, "side": "sell", "size": "347.90000000", "price": "0.19895000", "time": "2025-07-15T23:10:20.558862Z", "fetched_at": "2025-07-15T23:10:50.230866+00:00", "symbol": "DOGE-USD"}, {"trade_id": 139188243, "side": "sell", "size": "347.90000000", "price": "0.19893000", "time": "2025-07-15T23:10:19.207528Z", "fetched_at": "2025-07-15T23:10:50.230866+00:00", "symbol": "DOGE-USD"}, {"trade_id": 139188242, "side": "sell", "size": "347.90000000", "price": "0.19891000", "time": "2025-07-15T23:10:19.171539Z", "fetched_at": "2025-07-15T23:10:50.230866+00:00", "symbol": "DOGE-USD"}, {"trade_id": 139188241, "side": "buy", "size": "2010.10000000", "price": "0.19892000", "time": "2025-07-15T23:10:18.406196Z", "fetched_at": "2025-07-15T23:10:50.230866+00:00", "symbol": "DOGE-USD"}, {"trade_id": 139188240, "side": "buy", "size": "5.60000000", "price": "0.19892000", "time": "2025-07-15T23:10:18.406196Z", "fetched_at": "2025-07-15T23:10:50.230866+00:00", "symbol": "DOGE-USD"}, {"trade_id": 139188239, "side": "buy", "size": "2392.00000000", "price": "0.19894000", "time": "2025-07-15T23:10:18.377251Z", "fetched_at": "2025-07-15T23:10:50.230866+00:00", "symbol": "DOGE-USD"}, {"trade_id": 139188238, "side": "buy", "size": "5.60000000", "price": "0.19894000", "time": "2025-07-15T23:10:18.377251Z", "fetched_at": "2025-07-15T23:10:50.230866+00:00", "symbol": "DOGE-USD"}, {"trade_id": 139188237, "side": "buy", "size": "56.40000000", "price": "0.19895000", "time": "2025-07-15T23:10:18.250732Z", "fetched_at": "2025-07-15T23:10:50.230866+00:00", "symbol": "DOGE-USD"}, {"trade_id": 139188236, "side": "buy", "size": "5.60000000", "price": "0.19896000", "time": "2025-07-15T23:10:18.250732Z", "fetched_at": "2025-07-15T23:10:50.230866+00:00", "symbol": "DOGE-USD"}, {"trade_id": 139188235, "side": "buy", "size": "4637.60000000", "price": "0.19897000", "time": "2025-07-15T23:10:18.065493Z", "fetched_at": "2025-07-15T23:10:50.230866+00:00", "symbol": "DOGE-USD"}, {"trade_id": 139188234, "side": "buy", "size": "10000.00000000", "price": "0.19897000", "time": "2025-07-15T23:10:18.065493Z", "fetched_at": "2025-07-15T23:10:50.230866+00:00", "symbol": "DOGE-USD"}, {"trade_id": 139188233, "side": "buy", "size": "2230.00000000", "price": "0.19898000", "time": "2025-07-15T23:10:18.065493Z", "fetched_at": "2025-07-15T23:10:50.230866+00:00", "symbol": "DOGE-USD"}, {"trade_id": 139188232, "side": "buy", "size": "4639.30000000", "price": "0.19898000", "time": "2025-07-15T23:10:18.064017Z", "fetched_at": "2025-07-15T23:10:50.230866+00:00", "symbol": "DOGE-USD"}, {"trade_id": 139188231, "side": "buy", "size": "1593.00000000", "price": "0.19898000", "time": "2025-07-15T23:10:18.064017Z", "fetched_at": "2025-07-15T23:10:50.230866+00:00", "symbol": "DOGE-USD"}, {"trade_id": 139188230, "side": "buy", "size": "5.60000000", "price": "0.19898000", "time": "2025-07-15T23:10:18.064017Z", "fetched_at": "2025-07-15T23:10:50.230866+00:00", "symbol": "DOGE-USD"}, {"trade_id": 139188229, "side": "buy", "size": "2230.00000000", "price": "0.19899000", "time": "2025-07-15T23:10:18.064017Z", "fetched_at": "2025-07-15T23:10:50.230866+00:00", "symbol": "DOGE-USD"}, {"trade_id": 139188228, "side": "buy", "size": "1786.70000000", "price": "0.19899000", "time": "2025-07-15T23:10:18.062406Z", "fetched_at": "2025-07-15T23:10:50.230866+00:00", "symbol": "DOGE-USD"}, {"trade_id": 139188227, "side": "buy", "size": "2230.00000000", "price": "0.19900000", "time": "2025-07-15T23:10:18.062406Z", "fetched_at": "2025-07-15T23:10:50.230866+00:00", "symbol": "DOGE-USD"}, {"trade_id": 139188226, "side": "buy", "size": "17370.70000000", "price": "0.19900000", "time": "2025-07-15T23:10:18.061710Z", "fetched_at": "2025-07-15T23:10:50.230866+00:00", "symbol": "DOGE-USD"}, {"trade_id": 139188225, "side": "buy", "size": "22972.70000000", "price": "0.19900000", "time": "2025-07-15T23:10:18.061327Z", "fetched_at": "2025-07-15T23:10:50.230866+00:00", "symbol": "DOGE-USD"}, {"trade_id": 139188224, "side": "buy", "size": "7597.20000000", "price": "0.19900000", "time": "2025-07-15T23:10:18.061Z", "fetched_at": "2025-07-15T23:10:50.230866+00:00", "symbol": "DOGE-USD"}, {"trade_id": 139188223, "side": "buy", "size": "5.60000000", "price": "0.19900000", "time": "2025-07-15T23:10:18.061Z", "fetched_at": "2025-07-15T23:10:50.230866+00:00", "symbol": "DOGE-USD"}, {"trade_id": 139188222, "side": "buy", "size": "56.40000000", "price": "0.19901000", "time": "2025-07-15T23:10:18.061Z", "fetched_at": "2025-07-15T23:10:50.230866+00:00", "symbol": "DOGE-USD"}, {"trade_id": 139188221, "side": "sell", "size": "23.60000000", "price": "0.19902000", "time": "2025-07-15T23:10:16.603658Z", "fetched_at": "2025-07-15T23:10:50.230866+00:00", "symbol": "DOGE-USD"}, {"trade_id": 139188220, "side": "sell", "size": "4.90000000", "price": "0.19903000", "time": "2025-07-15T23:10:16.544794Z", "fetched_at": "2025-07-15T23:10:50.230866+00:00", "symbol": "DOGE-USD"}, {"trade_id": 139188219, "side": "sell", "size": "165.80000000", "price": "0.19903000", "time": "2025-07-15T23:10:16.503365Z", "fetched_at": "2025-07-15T23:10:50.230866+00:00", "symbol": "DOGE-USD"}, {"trade_id": 139188218, "side": "sell", "size": "322.20000000", "price": "0.19903000", "time": "2025-07-15T23:10:16.503365Z", "fetched_at": "2025-07-15T23:10:50.230866+00:00", "symbol": "DOGE-USD"}, {"trade_id": 139188217, "side": "sell", "size": "322.20000000", "price": "0.19902000", "time": "2025-07-15T23:10:15.993375Z", "fetched_at": "2025-07-15T23:10:50.230866+00:00", "symbol": "DOGE-USD"}, {"trade_id": 139188216, "side": "buy", "size": "20439.20000000", "price": "0.19901000", "time": "2025-07-15T23:10:15.982970Z", "fetched_at": "2025-07-15T23:10:50.230866+00:00", "symbol": "DOGE-USD"}, {"trade_id": 139188215, "side": "buy", "size": "1641.40000000", "price": "0.19902000", "time": "2025-07-15T23:10:15.982970Z", "fetched_at": "2025-07-15T23:10:50.230866+00:00", "symbol": "DOGE-USD"}, {"trade_id": 139188214, "side": "buy", "size": "56.40000000", "price": "0.19903000", "time": "2025-07-15T23:10:15.982970Z", "fetched_at": "2025-07-15T23:10:50.230866+00:00", "symbol": "DOGE-USD"}, {"trade_id": 139188213, "side": "buy", "size": "5.60000000", "price": "0.19904000", "time": "2025-07-15T23:10:15.982970Z", "fetched_at": "2025-07-15T23:10:50.230866+00:00", "symbol": "DOGE-USD"}, {"trade_id": 139188212, "side": "buy", "size": "5.60000000", "price": "0.19906000", "time": "2025-07-15T23:10:15.978800Z", "fetched_at": "2025-07-15T23:10:50.230866+00:00", "symbol": "DOGE-USD"}, {"trade_id": 139188211, "side": "sell", "size": "1382.90000000", "price": "0.19913000", "time": "2025-07-15T23:10:13.774546Z", "fetched_at": "2025-07-15T23:10:50.230866+00:00", "symbol": "DOGE-USD"}, {"trade_id": 139188210, "side": "sell", "size": "47.70000000", "price": "0.19915000", "time": "2025-07-15T23:10:12.990545Z", "fetched_at": "2025-07-15T23:10:50.230866+00:00", "symbol": "DOGE-USD"}, {"trade_id": 139188209, "side": "sell", "size": "42.90000000", "price": "0.19915000", "time": "2025-07-15T23:10:09.879879Z", "fetched_at": "2025-07-15T23:10:50.230866+00:00", "symbol": "DOGE-USD"}, {"trade_id": 139188208, "side": "sell", "size": "5.60000000", "price": "0.19914000", "time": "2025-07-15T23:10:09.879879Z", "fetched_at": "2025-07-15T23:10:50.230866+00:00", "symbol": "DOGE-USD"}, {"trade_id": 139188207, "side": "sell", "size": "5.60000000", "price": "0.19912000", "time": "2025-07-15T23:10:05.976888Z", "fetched_at": "2025-07-15T23:10:50.230866+00:00", "symbol": "DOGE-USD"}, {"trade_id": 139188206, "side": "sell", "size": "5.60000000", "price": "0.19910000", "time": "2025-07-15T23:10:05.879659Z", "fetched_at": "2025-07-15T23:10:50.230866+00:00", "symbol": "DOGE-USD"}, {"trade_id": 139188205, "side": "sell", "size": "5.60000000", "price": "0.19908000", "time": "2025-07-15T23:10:05.867132Z", "fetched_at": "2025-07-15T23:10:50.230866+00:00", "symbol": "DOGE-USD"}, {"trade_id": 139188204, "side": "sell", "size": "5.60000000", "price": "0.19906000", "time": "2025-07-15T23:10:05.762950Z", "fetched_at": "2025-07-15T23:10:50.230866+00:00", "symbol": "DOGE-USD"}, {"trade_id": 139188203, "side": "sell", "size": "5.60000000", "price": "0.19904000", "time": "2025-07-15T23:10:05.746150Z", "fetched_at": "2025-07-15T23:10:50.230866+00:00", "symbol": "DOGE-USD"}, {"trade_id": 139188202, "side": "sell", "size": "5.60000000", "price": "0.19902000", "time": "2025-07-15T23:10:05.512172Z", "fetched_at": "2025-07-15T23:10:50.230866+00:00", "symbol": "DOGE-USD"}, {"trade_id": 139188201, "side": "sell", "size": "1626.50000000", "price": "0.19900000", "time": "2025-07-15T23:10:05.399143Z", "fetched_at": "2025-07-15T23:10:50.230866+00:00", "symbol": "DOGE-USD"}, {"trade_id": 139188200, "side": "sell", "size": "278.30000000", "price": "0.19897000", "time": "2025-07-15T23:10:03.867086Z", "fetched_at": "2025-07-15T23:10:50.230866+00:00", "symbol": "DOGE-USD"}, {"trade_id": 139188199, "side": "sell", "size": "322.20000000", "price": "0.19897000", "time": "2025-07-15T23:10:03.867086Z", "fetched_at": "2025-07-15T23:10:50.230866+00:00", "symbol": "DOGE-USD"}, {"trade_id": 139188198, "side": "sell", "size": "8.60000000", "price": "0.19898000", "time": "2025-07-15T23:09:56.556957Z", "fetched_at": "2025-07-15T23:10:50.230866+00:00", "symbol": "DOGE-USD"}, {"trade_id": 139188197, "side": "sell", "size": "146.50000000", "price": "0.19897000", "time": "2025-07-15T23:09:56.311761Z", "fetched_at": "2025-07-15T23:10:50.230866+00:00", "symbol": "DOGE-USD"}, {"trade_id": 139188196, "side": "buy", "size": "5.60000000", "price": "0.19898000", "time": "2025-07-15T23:09:55.887105Z", "fetched_at": "2025-07-15T23:10:50.230866+00:00", "symbol": "DOGE-USD"}, {"trade_id": 139188195, "side": "sell", "size": "302.10000000", "price": "0.19905000", "time": "2025-07-15T23:09:54.364027Z", "fetched_at": "2025-07-15T23:10:50.230866+00:00", "symbol": "DOGE-USD"}, {"trade_id": 139188194, "side": "sell", "size": "8.10000000", "price": "0.19904000", "time": "2025-07-15T23:09:54.364027Z", "fetched_at": "2025-07-15T23:10:50.230866+00:00", "symbol": "DOGE-USD"}, {"trade_id": 139188193, "side": "sell", "size": "1593.00000000", "price": "0.19904000", "time": "2025-07-15T23:09:54.364027Z", "fetched_at": "2025-07-15T23:10:50.230866+00:00", "symbol": "DOGE-USD"}, {"trade_id": 139188192, "side": "sell", "size": "5.60000000", "price": "0.19904000", "time": "2025-07-15T23:09:54.364027Z", "fetched_at": "2025-07-15T23:10:50.230866+00:00", "symbol": "DOGE-USD"}, {"trade_id": 139188191, "side": "sell", "size": "1600.60000000", "price": "0.19902000", "time": "2025-07-15T23:09:54.364027Z", "fetched_at": "2025-07-15T23:10:50.230866+00:00", "symbol": "DOGE-USD"}, {"trade_id": 139188190, "side": "sell", "size": "719.20000000", "price": "0.19901000", "time": "2025-07-15T23:09:54.364027Z", "fetched_at": "2025-07-15T23:10:50.230866+00:00", "symbol": "DOGE-USD"}, {"trade_id": 139188189, "side": "sell", "size": "333.20000000", "price": "0.19901000", "time": "2025-07-15T23:09:54.364027Z", "fetched_at": "2025-07-15T23:10:50.230866+00:00", "symbol": "DOGE-USD"}, {"trade_id": 139188188, "side": "sell", "size": "322.20000000", "price": "0.19901000", "time": "2025-07-15T23:09:54.364027Z", "fetched_at": "2025-07-15T23:10:50.230866+00:00", "symbol": "DOGE-USD"}, {"trade_id": 139188187, "side": "sell", "size": "5.60000000", "price": "0.19902000", "time": "2025-07-15T23:09:52.843708Z", "fetched_at": "2025-07-15T23:10:50.230866+00:00", "symbol": "DOGE-USD"}, {"trade_id": 139188186, "side": "sell", "size": "2.50000000", "price": "0.19902000", "time": "2025-07-15T23:09:52.843708Z", "fetched_at": "2025-07-15T23:10:50.230866+00:00", "symbol": "DOGE-USD"}, {"trade_id": 139188185, "side": "sell", "size": "69.80000000", "price": "0.19900000", "time": "2025-07-15T23:09:52.836289Z", "fetched_at": "2025-07-15T23:10:50.230866+00:00", "symbol": "DOGE-USD"}, {"trade_id": 139188184, "side": "sell", "size": "14710.70000000", "price": "0.19900000", "time": "2025-07-15T23:09:52.833362Z", "fetched_at": "2025-07-15T23:10:50.230866+00:00", "symbol": "DOGE-USD"}, {"trade_id": 139188183, "side": "sell", "size": "6023.90000000", "price": "0.19900000", "time": "2025-07-15T23:09:52.833223Z", "fetched_at": "2025-07-15T23:10:50.230866+00:00", "symbol": "DOGE-USD"}, {"trade_id": 139188182, "side": "sell", "size": "1191.00000000", "price": "0.19900000", "time": "2025-07-15T23:09:52.228580Z", "fetched_at": "2025-07-15T23:10:50.230866+00:00", "symbol": "DOGE-USD"}, {"trade_id": 139188181, "side": "sell", "size": "22.10000000", "price": "0.19899000", "time": "2025-07-15T23:09:52.186079Z", "fetched_at": "2025-07-15T23:10:50.230866+00:00", "symbol": "DOGE-USD"}, {"trade_id": 139188180, "side": "sell", "size": "10441.60000000", "price": "0.19900000", "time": "2025-07-15T23:09:52.178624Z", "fetched_at": "2025-07-15T23:10:50.230866+00:00", "symbol": "DOGE-USD"}, {"trade_id": 139188179, "side": "sell", "size": "32685.70000000", "price": "0.19900000", "time": "2025-07-15T23:09:52.178369Z", "fetched_at": "2025-07-15T23:10:50.230866+00:00", "symbol": "DOGE-USD"}, {"trade_id": 139188178, "side": "sell", "size": "171251.90000000", "price": "0.19900000", "time": "2025-07-15T23:09:52.174397Z", "fetched_at": "2025-07-15T23:10:50.230866+00:00", "symbol": "DOGE-USD"}, {"trade_id": 139188177, "side": "sell", "size": "22.30000000", "price": "0.19899000", "time": "2025-07-15T23:09:52.174397Z", "fetched_at": "2025-07-15T23:10:50.230866+00:00", "symbol": "DOGE-USD"}, {"trade_id": 139188176, "side": "sell", "size": "3.40000000", "price": "0.19897000", "time": "2025-07-15T23:09:51.610656Z", "fetched_at": "2025-07-15T23:10:50.230866+00:00", "symbol": "DOGE-USD"}, {"trade_id": 139188175, "side": "buy", "size": "5.60000000", "price": "0.19898000", "time": "2025-07-15T23:09:46.772764Z", "fetched_at": "2025-07-15T23:10:50.230866+00:00", "symbol": "DOGE-USD"}, {"trade_id": 139188174, "side": "buy", "size": "480.90000000", "price": "0.19899000", "time": "2025-07-15T23:09:46.753446Z", "fetched_at": "2025-07-15T23:10:50.230866+00:00", "symbol": "DOGE-USD"}, {"trade_id": 139188173, "side": "buy", "size": "1592.60000000", "price": "0.19899000", "time": "2025-07-15T23:09:46.753446Z", "fetched_at": "2025-07-15T23:10:50.230866+00:00", "symbol": "DOGE-USD"}, {"trade_id": 139188172, "side": "buy", "size": "3025.90000000", "price": "0.19899000", "time": "2025-07-15T23:09:46.725027Z", "fetched_at": "2025-07-15T23:10:50.230866+00:00", "symbol": "DOGE-USD"}, {"trade_id": 139188171, "side": "sell", "size": "8558.20000000", "price": "0.19900000", "time": "2025-07-15T23:09:46.702597Z", "fetched_at": "2025-07-15T23:10:50.230866+00:00", "symbol": "DOGE-USD"}, {"trade_id": 139188170, "side": "sell", "size": "4611.90000000", "price": "0.19900000", "time": "2025-07-15T23:09:46.668274Z", "fetched_at": "2025-07-15T23:10:50.230866+00:00", "symbol": "DOGE-USD"}, {"trade_id": 139188169, "side": "sell", "size": "3918.10000000", "price": "0.19900000", "time": "2025-07-15T23:09:46.649942Z", "fetched_at": "2025-07-15T23:10:50.230866+00:00", "symbol": "DOGE-USD"}, {"trade_id": 139188168, "side": "sell", "size": "4551.90000000", "price": "0.19900000", "time": "2025-07-15T23:09:46.634666Z", "fetched_at": "2025-07-15T23:10:50.230866+00:00", "symbol": "DOGE-USD"}, {"trade_id": 139188167, "side": "sell", "size": "4523.70000000", "price": "0.19900000", "time": "2025-07-15T23:09:46.616028Z", "fetched_at": "2025-07-15T23:10:50.230866+00:00", "symbol": "DOGE-USD"}, {"trade_id": 139188166, "side": "sell", "size": "4725.10000000", "price": "0.19900000", "time": "2025-07-15T23:09:46.598229Z", "fetched_at": "2025-07-15T23:10:50.230866+00:00", "symbol": "DOGE-USD"}, {"trade_id": 139188165, "side": "sell", "size": "9655.20000000", "price": "0.19900000", "time": "2025-07-15T23:09:46.579451Z", "fetched_at": "2025-07-15T23:10:50.230866+00:00", "symbol": "DOGE-USD"}, {"trade_id": 139188164, "side": "sell", "size": "9713.00000000", "price": "0.19900000", "time": "2025-07-15T23:09:46.561410Z", "fetched_at": "2025-07-15T23:10:50.230866+00:00", "symbol": "DOGE-USD"}, {"trade_id": 139188163, "side": "sell", "size": "2573.50000000", "price": "0.19900000", "time": "2025-07-15T23:09:46.521737Z", "fetched_at": "2025-07-15T23:10:50.230866+00:00", "symbol": "DOGE-USD"}, {"trade_id": 139188162, "side": "sell", "size": "5482.40000000", "price": "0.19900000", "time": "2025-07-15T23:09:46.511669Z", "fetched_at": "2025-07-15T23:10:50.230866+00:00", "symbol": "DOGE-USD"}, {"trade_id": 139188161, "side": "sell", "size": "3016.20000000", "price": "0.19900000", "time": "2025-07-15T23:09:46.490397Z", "fetched_at": "2025-07-15T23:10:50.230866+00:00", "symbol": "DOGE-USD"}, {"trade_id": 139188160, "side": "sell", "size": "4663.50000000", "price": "0.19900000", "time": "2025-07-15T23:09:46.486528Z", "fetched_at": "2025-07-15T23:10:50.230866+00:00", "symbol": "DOGE-USD"}, {"trade_id": 139188159, "side": "sell", "size": "3175.30000000", "price": "0.19900000", "time": "2025-07-15T23:09:46.478354Z", "fetched_at": "2025-07-15T23:10:50.230866+00:00", "symbol": "DOGE-USD"}, {"trade_id": 139188158, "side": "sell", "size": "2659.80000000", "price": "0.19900000", "time": "2025-07-15T23:09:46.447067Z", "fetched_at": "2025-07-15T23:10:50.230866+00:00", "symbol": "DOGE-USD"}, {"trade_id": 139188157, "side": "sell", "size": "8289.70000000", "price": "0.19900000", "time": "2025-07-15T23:09:46.436627Z", "fetched_at": "2025-07-15T23:10:50.230866+00:00", "symbol": "DOGE-USD"}, {"trade_id": 139188156, "side": "sell", "size": "5181.50000000", "price": "0.19900000", "time": "2025-07-15T23:09:46.417538Z", "fetched_at": "2025-07-15T23:10:50.230866+00:00", "symbol": "DOGE-USD"}, {"trade_id": 139188155, "side": "sell", "size": "4172.60000000", "price": "0.19900000", "time": "2025-07-15T23:09:46.405647Z", "fetched_at": "2025-07-15T23:10:50.230866+00:00", "symbol": "DOGE-USD"}, {"trade_id": 139188154, "side": "sell", "size": "55993.10000000", "price": "0.19900000", "time": "2025-07-15T23:09:46.404199Z", "fetched_at": "2025-07-15T23:10:50.230866+00:00", "symbol": "DOGE-USD"}, {"trade_id": 139188153, "side": "sell", "size": "6041.70000000", "price": "0.19900000", "time": "2025-07-15T23:09:46.389203Z", "fetched_at": "2025-07-15T23:10:50.230866+00:00", "symbol": "DOGE-USD"}, {"trade_id": 139188152, "side": "sell", "size": "44967.80000000", "price": "0.19900000", "time": "2025-07-15T23:09:46.347343Z", "fetched_at": "2025-07-15T23:10:50.230866+00:00", "symbol": "DOGE-USD"}, {"trade_id": 139188151, "side": "sell", "size": "32768.80000000", "price": "0.19900000", "time": "2025-07-15T23:09:46.334166Z", "fetched_at": "2025-07-15T23:10:50.230866+00:00", "symbol": "DOGE-USD"}, {"trade_id": 139188150, "side": "sell", "size": "35283.50000000", "price": "0.19900000", "time": "2025-07-15T23:09:46.333347Z", "fetched_at": "2025-07-15T23:10:50.230866+00:00", "symbol": "DOGE-USD"}, {"trade_id": 139188149, "side": "buy", "size": "1555.00000000", "price": "0.19901000", "time": "2025-07-15T23:09:46.329422Z", "fetched_at": "2025-07-15T23:10:50.230866+00:00", "symbol": "DOGE-USD"}, {"trade_id": 139188148, "side": "buy", "size": "56.40000000", "price": "0.19902000", "time": "2025-07-15T23:09:46.329422Z", "fetched_at": "2025-07-15T23:10:50.230866+00:00", "symbol": "DOGE-USD"}, {"trade_id": 139188147, "side": "buy", "size": "792.10000000", "price": "0.19899000", "time": "2025-07-15T23:09:44.435233Z", "fetched_at": "2025-07-15T23:10:50.230866+00:00", "symbol": "DOGE-USD"}, {"trade_id": 139188146, "side": "buy", "size": "1288.10000000", "price": "0.19899000", "time": "2025-07-15T23:09:44.435233Z", "fetched_at": "2025-07-15T23:10:50.230866+00:00", "symbol": "DOGE-USD"}, {"trade_id": 139188145, "side": "buy", "size": "2009.60000000", "price": "0.19900000", "time": "2025-07-15T23:09:44.435233Z", "fetched_at": "2025-07-15T23:10:50.230866+00:00", "symbol": "DOGE-USD"}, {"trade_id": 139188144, "side": "buy", "size": "5.60000000", "price": "0.19900000", "time": "2025-07-15T23:09:44.435233Z", "fetched_at": "2025-07-15T23:10:50.230866+00:00", "symbol": "DOGE-USD"}, {"trade_id": 139188143, "side": "buy", "size": "2.40000000", "price": "0.19903000", "time": "2025-07-15T23:09:44.271757Z", "fetched_at": "2025-07-15T23:10:50.230866+00:00", "symbol": "DOGE-USD"}, {"trade_id": 139188142, "side": "buy", "size": "75.40000000", "price": "0.19902000", "time": "2025-07-15T23:09:42.352016Z", "fetched_at": "2025-07-15T23:10:50.230866+00:00", "symbol": "DOGE-USD"}, {"trade_id": 139188141, "side": "buy", "size": "5.60000000", "price": "0.19902000", "time": "2025-07-15T23:09:42.352016Z", "fetched_at": "2025-07-15T23:10:50.230866+00:00", "symbol": "DOGE-USD"}, {"trade_id": 139188140, "side": "sell", "size": "739.50000000", "price": "0.19910000", "time": "2025-07-15T23:09:38.870679Z", "fetched_at": "2025-07-15T23:10:50.230866+00:00", "symbol": "DOGE-USD"}, {"trade_id": 139188139, "side": "sell", "size": "5.60000000", "price": "0.19910000", "time": "2025-07-15T23:09:38.870679Z", "fetched_at": "2025-07-15T23:10:50.230866+00:00", "symbol": "DOGE-USD"}, {"trade_id": 139188138, "side": "sell", "size": "1593.00000000", "price": "0.19908000", "time": "2025-07-15T23:09:38.870679Z", "fetched_at": "2025-07-15T23:10:50.230866+00:00", "symbol": "DOGE-USD"}, {"trade_id": 139188137, "side": "sell", "size": "5.60000000", "price": "0.19908000", "time": "2025-07-15T23:09:38.870679Z", "fetched_at": "2025-07-15T23:10:50.230866+00:00", "symbol": "DOGE-USD"}, {"trade_id": 139188136, "side": "sell", "size": "10047.40000000", "price": "0.19907000", "time": "2025-07-15T23:09:38.870679Z", "fetched_at": "2025-07-15T23:10:50.230866+00:00", "symbol": "DOGE-USD"}, {"trade_id": 139188135, "side": "sell", "size": "23.30000000", "price": "0.19906000", "time": "2025-07-15T23:09:38.870679Z", "fetched_at": "2025-07-15T23:10:50.230866+00:00", "symbol": "DOGE-USD"}, {"trade_id": 139188134, "side": "sell", "size": "5.60000000", "price": "0.19906000", "time": "2025-07-15T23:09:38.870679Z", "fetched_at": "2025-07-15T23:10:50.230866+00:00", "symbol": "DOGE-USD"}, {"trade_id": 139188133, "side": "sell", "size": "26.70000000", "price": "0.19904000", "time": "2025-07-15T23:09:36.145768Z", "fetched_at": "2025-07-15T23:10:50.230866+00:00", "symbol": "DOGE-USD"}, {"trade_id": 139188132, "side": "buy", "size": "0.10000000", "price": "0.19903000", "time": "2025-07-15T23:09:35.940251Z", "fetched_at": "2025-07-15T23:10:50.230866+00:00", "symbol": "DOGE-USD"}, {"trade_id": 139188131, "side": "sell", "size": "499.80000000", "price": "0.19900000", "time": "2025-07-15T23:09:32.165928Z", "fetched_at": "2025-07-15T23:10:50.230866+00:00", "symbol": "DOGE-USD"}, {"trade_id": 139188130, "side": "buy", "size": "883.40000000", "price": "0.19903000", "time": "2025-07-15T23:09:32.159788Z", "fetched_at": "2025-07-15T23:10:50.230866+00:00", "symbol": "DOGE-USD"}, {"trade_id": 139188129, "side": "sell", "size": "322.20000000", "price": "0.19902000", "time": "2025-07-15T23:09:30.482597Z", "fetched_at": "2025-07-15T23:10:50.230866+00:00", "symbol": "DOGE-USD"}, {"trade_id": 139188128, "side": "buy", "size": "883.40000000", "price": "0.19905000", "time": "2025-07-15T23:09:30.286346Z", "fetched_at": "2025-07-15T23:10:50.230866+00:00", "symbol": "DOGE-USD"}, {"trade_id": 139188127, "side": "sell", "size": "27.00000000", "price": "0.19904000", "time": "2025-07-15T23:09:30.142868Z", "fetched_at": "2025-07-15T23:10:50.230866+00:00", "symbol": "DOGE-USD"}, {"trade_id": 139188126, "side": "sell", "size": "5.60000000", "price": "0.19904000", "time": "2025-07-15T23:09:30.142868Z", "fetched_at": "2025-07-15T23:10:50.230866+00:00", "symbol": "DOGE-USD"}, {"trade_id": 139188125, "side": "sell", "size": "5.60000000", "price": "0.19902000", "time": "2025-07-15T23:09:30.142868Z", "fetched_at": "2025-07-15T23:10:50.230866+00:00", "symbol": "DOGE-USD"}, {"trade_id": 139188124, "side": "sell", "size": "5.60000000", "price": "0.19900000", "time": "2025-07-15T23:09:30.132932Z", "fetched_at": "2025-07-15T23:10:50.230866+00:00", "symbol": "DOGE-USD"}, {"trade_id": 139188123, "side": "buy", "size": "314.10000000", "price": "0.19899000", "time": "2025-07-15T23:09:28.130196Z", "fetched_at": "2025-07-15T23:10:50.230866+00:00", "symbol": "DOGE-USD"}, {"trade_id": 139188122, "side": "sell", "size": "1646.00000000", "price": "0.19898000", "time": "2025-07-15T23:09:27.243734Z", "fetched_at": "2025-07-15T23:10:50.230866+00:00", "symbol": "DOGE-USD"}, {"trade_id": 139188121, "side": "sell", "size": "1406.90000000", "price": "0.19895000", "time": "2025-07-15T23:09:23.796497Z", "fetched_at": "2025-07-15T23:10:50.230866+00:00", "symbol": "DOGE-USD"}, {"trade_id": 139188120, "side": "sell", "size": "425.50000000", "price": "0.19895000", "time": "2025-07-15T23:09:22.745505Z", "fetched_at": "2025-07-15T23:10:50.230866+00:00", "symbol": "DOGE-USD"}, {"trade_id": 139188119, "side": "sell", "size": "1565.70000000", "price": "0.19895000", "time": "2025-07-15T23:09:22.745505Z", "fetched_at": "2025-07-15T23:10:50.230866+00:00", "symbol": "DOGE-USD"}, {"trade_id": 139188118, "side": "sell", "size": "19.00000000", "price": "0.19894000", "time": "2025-07-15T23:09:22.745505Z", "fetched_at": "2025-07-15T23:10:50.230866+00:00", "symbol": "DOGE-USD"}, {"trade_id": 139188117, "side": "sell", "size": "333.20000000", "price": "0.19893000", "time": "2025-07-15T23:09:22.745505Z", "fetched_at": "2025-07-15T23:10:50.230866+00:00", "symbol": "DOGE-USD"}, {"trade_id": 139188116, "side": "sell", "size": "719.20000000", "price": "0.19893000", "time": "2025-07-15T23:09:22.745505Z", "fetched_at": "2025-07-15T23:10:50.230866+00:00", "symbol": "DOGE-USD"}, {"trade_id": 139188115, "side": "sell", "size": "521.80000000", "price": "0.19893000", "time": "2025-07-15T23:09:22.745505Z", "fetched_at": "2025-07-15T23:10:50.230866+00:00", "symbol": "DOGE-USD"}, {"trade_id": 139188114, "side": "sell", "size": "322.20000000", "price": "0.19893000", "time": "2025-07-15T23:09:22.745505Z", "fetched_at": "2025-07-15T23:10:50.230866+00:00", "symbol": "DOGE-USD"}, {"trade_id": 139188113, "side": "buy", "size": "5.60000000", "price": "0.19894000", "time": "2025-07-15T23:09:22.695575Z", "fetched_at": "2025-07-15T23:10:50.230866+00:00", "symbol": "DOGE-USD"}, {"trade_id": 139188112, "side": "buy", "size": "20640.80000000", "price": "0.19896000", "time": "2025-07-15T23:09:22.427510Z", "fetched_at": "2025-07-15T23:10:50.230866+00:00", "symbol": "DOGE-USD"}, {"trade_id": 139188111, "side": "sell", "size": "866.20000000", "price": "0.19899000", "time": "2025-07-15T23:09:21.207385Z", "fetched_at": "2025-07-15T23:10:50.230866+00:00", "symbol": "DOGE-USD"}, {"trade_id": 139188110, "side": "sell", "size": "354.80000000", "price": "0.19899000", "time": "2025-07-15T23:09:21.207385Z", "fetched_at": "2025-07-15T23:10:50.230866+00:00", "symbol": "DOGE-USD"}, {"trade_id": 139188109, "side": "sell", "size": "354.80000000", "price": "0.19900000", "time": "2025-07-15T23:09:19.887788Z", "fetched_at": "2025-07-15T23:10:50.230866+00:00", "symbol": "DOGE-USD"}, {"trade_id": 139188108, "side": "sell", "size": "335.20000000", "price": "0.19900000", "time": "2025-07-15T23:09:19.856073Z", "fetched_at": "2025-07-15T23:10:50.230866+00:00", "symbol": "DOGE-USD"}, {"trade_id": 139188107, "side": "sell", "size": "1358.60000000", "price": "0.19900000", "time": "2025-07-15T23:09:19.856073Z", "fetched_at": "2025-07-15T23:10:50.230866+00:00", "symbol": "DOGE-USD"}, {"trade_id": 139188106, "side": "sell", "size": "354.80000000", "price": "0.19900000", "time": "2025-07-15T23:09:19.856073Z", "fetched_at": "2025-07-15T23:10:50.230866+00:00", "symbol": "DOGE-USD"}, {"trade_id": 139188105, "side": "sell", "size": "5.60000000", "price": "0.19904000", "time": "2025-07-15T23:09:19.336372Z", "fetched_at": "2025-07-15T23:10:50.230866+00:00", "symbol": "DOGE-USD"}, {"trade_id": 139188104, "side": "sell", "size": "1641.40000000", "price": "0.19903000", "time": "2025-07-15T23:09:19.328858Z", "fetched_at": "2025-07-15T23:10:50.230866+00:00", "symbol": "DOGE-USD"}, {"trade_id": 139188103, "side": "sell", "size": "20644.90000000", "price": "0.19903000", "time": "2025-07-15T23:09:19.328858Z", "fetched_at": "2025-07-15T23:10:50.230866+00:00", "symbol": "DOGE-USD"}, {"trade_id": 139188102, "side": "sell", "size": "23674.50000000", "price": "0.19902000", "time": "2025-07-15T23:09:19.328858Z", "fetched_at": "2025-07-15T23:10:50.230866+00:00", "symbol": "DOGE-USD"}, {"trade_id": 139188101, "side": "sell", "size": "1641.40000000", "price": "0.19902000", "time": "2025-07-15T23:09:19.328858Z", "fetched_at": "2025-07-15T23:10:50.230866+00:00", "symbol": "DOGE-USD"}, {"trade_id": 139188100, "side": "sell", "size": "5.60000000", "price": "0.19902000", "time": "2025-07-15T23:09:19.328858Z", "fetched_at": "2025-07-15T23:10:50.230866+00:00", "symbol": "DOGE-USD"}, {"trade_id": 139188099, "side": "sell", "size": "21.10000000", "price": "0.19901000", "time": "2025-07-15T23:09:19.327613Z", "fetched_at": "2025-07-15T23:10:50.230866+00:00", "symbol": "DOGE-USD"}, {"trade_id": 139188098, "side": "sell", "size": "282.50000000", "price": "0.19897000", "time": "2025-07-15T23:09:19.327089Z", "fetched_at": "2025-07-15T23:10:50.230866+00:00", "symbol": "DOGE-USD"}, {"trade_id": 139188097, "side": "sell", "size": "1488.60000000", "price": "0.19899000", "time": "2025-07-15T23:09:19.209582Z", "fetched_at": "2025-07-15T23:10:50.230866+00:00", "symbol": "DOGE-USD"}, {"trade_id": 139188096, "side": "sell", "size": "1438.70000000", "price": "0.19900000", "time": "2025-07-15T23:09:18.283809Z", "fetched_at": "2025-07-15T23:10:50.230866+00:00", "symbol": "DOGE-USD"}, {"trade_id": 139188095, "side": "sell", "size": "1532.30000000", "price": "0.19900000", "time": "2025-07-15T23:09:18.283809Z", "fetched_at": "2025-07-15T23:10:50.230866+00:00", "symbol": "DOGE-USD"}, {"trade_id": 139188094, "side": "sell", "size": "347.90000000", "price": "0.19895000", "time": "2025-07-15T23:09:17.899975Z", "fetched_at": "2025-07-15T23:10:50.230866+00:00", "symbol": "DOGE-USD"}, {"trade_id": 139188093, "side": "sell", "size": "347.90000000", "price": "0.19896000", "time": "2025-07-15T23:09:17.821931Z", "fetched_at": "2025-07-15T23:10:50.230866+00:00", "symbol": "DOGE-USD"}, {"trade_id": 139188092, "side": "sell", "size": "1432.50000000", "price": "0.19898000", "time": "2025-07-15T23:09:17.156801Z", "fetched_at": "2025-07-15T23:10:50.230866+00:00", "symbol": "DOGE-USD"}, {"trade_id": 139188091, "side": "sell", "size": "347.90000000", "price": "0.19898000", "time": "2025-07-15T23:09:16.927957Z", "fetched_at": "2025-07-15T23:10:50.230866+00:00", "symbol": "DOGE-USD"}, {"trade_id": 139188090, "side": "sell", "size": "347.90000000", "price": "0.19898000", "time": "2025-07-15T23:09:16.909096Z", "fetched_at": "2025-07-15T23:10:50.230866+00:00", "symbol": "DOGE-USD"}, {"trade_id": 139188089, "side": "sell", "size": "354.80000000", "price": "0.19898000", "time": "2025-07-15T23:09:16.798319Z", "fetched_at": "2025-07-15T23:10:50.230866+00:00", "symbol": "DOGE-USD"}, {"trade_id": 139188088, "side": "sell", "size": "347.90000000", "price": "0.19898000", "time": "2025-07-15T23:09:16.672935Z", "fetched_at": "2025-07-15T23:10:50.230866+00:00", "symbol": "DOGE-USD"}, {"trade_id": 139188087, "side": "sell", "size": "5.60000000", "price": "0.19900000", "time": "2025-07-15T23:09:16.420585Z", "fetched_at": "2025-07-15T23:10:50.230866+00:00", "symbol": "DOGE-USD"}, {"trade_id": 139188086, "side": "sell", "size": "29.80000000", "price": "0.19899000", "time": "2025-07-15T23:09:16.420585Z", "fetched_at": "2025-07-15T23:10:50.230866+00:00", "symbol": "DOGE-USD"}, {"trade_id": 139188085, "side": "sell", "size": "29.80000000", "price": "0.19895000", "time": "2025-07-15T23:09:16.380589Z", "fetched_at": "2025-07-15T23:10:50.230866+00:00", "symbol": "DOGE-USD"}, {"trade_id": 139188084, "side": "sell", "size": "6870.90000000", "price": "0.19897000", "time": "2025-07-15T23:09:16.370364Z", "fetched_at": "2025-07-15T23:10:50.230866+00:00", "symbol": "DOGE-USD"}, {"trade_id": 139188083, "side": "sell", "size": "1593.00000000", "price": "0.19897000", "time": "2025-07-15T23:09:16.370364Z", "fetched_at": "2025-07-15T23:10:50.230866+00:00", "symbol": "DOGE-USD"}, {"trade_id": 139188082, "side": "sell", "size": "4426.80000000", "price": "0.19896000", "time": "2025-07-15T23:09:16.368392Z", "fetched_at": "2025-07-15T23:10:50.230866+00:00", "symbol": "DOGE-USD"}, {"trade_id": 139188081, "side": "sell", "size": "4428.90000000", "price": "0.19896000", "time": "2025-07-15T23:09:16.368392Z", "fetched_at": "2025-07-15T23:10:50.230866+00:00", "symbol": "DOGE-USD"}, {"trade_id": 139188080, "side": "sell", "size": "29.80000000", "price": "0.19895000", "time": "2025-07-15T23:09:16.368392Z", "fetched_at": "2025-07-15T23:10:50.230866+00:00", "symbol": "DOGE-USD"}, {"trade_id": 139188079, "side": "sell", "size": "2.50000000", "price": "0.19894000", "time": "2025-07-15T23:09:16.368392Z", "fetched_at": "2025-07-15T23:10:50.230866+00:00", "symbol": "DOGE-USD"}, {"trade_id": 139188078, "side": "sell", "size": "347.90000000", "price": "0.19889000", "time": "2025-07-15T23:09:15.250831Z", "fetched_at": "2025-07-15T23:10:50.230866+00:00", "symbol": "DOGE-USD"}, {"trade_id": 139188077, "side": "buy", "size": "13.50000000", "price": "0.19889000", "time": "2025-07-15T23:09:14.995009Z", "fetched_at": "2025-07-15T23:10:50.230866+00:00", "symbol": "DOGE-USD"}, {"trade_id": 139188076, "side": "buy", "size": "5.60000000", "price": "0.19890000", "time": "2025-07-15T23:09:14.995009Z", "fetched_at": "2025-07-15T23:10:50.230866+00:00", "symbol": "DOGE-USD"}, {"trade_id": 139188075, "side": "buy", "size": "5.60000000", "price": "0.19892000", "time": "2025-07-15T23:09:14.949247Z", "fetched_at": "2025-07-15T23:10:50.230866+00:00", "symbol": "DOGE-USD"}, {"trade_id": 139188074, "side": "buy", "size": "18.60000000", "price": "0.19893000", "time": "2025-07-15T23:09:14.945538Z", "fetched_at": "2025-07-15T23:10:50.230866+00:00", "symbol": "DOGE-USD"}, {"trade_id": 139188073, "side": "buy", "size": "5.60000000", "price": "0.19894000", "time": "2025-07-15T23:09:14.571152Z", "fetched_at": "2025-07-15T23:10:50.230866+00:00", "symbol": "DOGE-USD"}, {"trade_id": 139188072, "side": "sell", "size": "347.90000000", "price": "0.19897000", "time": "2025-07-15T23:09:13.707771Z", "fetched_at": "2025-07-15T23:10:50.230866+00:00", "symbol": "DOGE-USD"}, {"trade_id": 139188071, "side": "sell", "size": "347.90000000", "price": "0.19897000", "time": "2025-07-15T23:09:13.659573Z", "fetched_at": "2025-07-15T23:10:50.230866+00:00", "symbol": "DOGE-USD"}, {"trade_id": 139188070, "side": "sell", "size": "1391.60000000", "price": "0.19899000", "time": "2025-07-15T23:09:12.974019Z", "fetched_at": "2025-07-15T23:10:50.230866+00:00", "symbol": "DOGE-USD"}, {"trade_id": 139188069, "side": "sell", "size": "1543.70000000", "price": "0.19900000", "time": "2025-07-15T23:09:12.632563Z", "fetched_at": "2025-07-15T23:10:50.230866+00:00", "symbol": "DOGE-USD"}, {"trade_id": 139188068, "side": "sell", "size": "2512.50000000", "price": "0.19900000", "time": "2025-07-15T23:09:12.632563Z", "fetched_at": "2025-07-15T23:10:50.230866+00:00", "symbol": "DOGE-USD"}, {"trade_id": 139188067, "side": "sell", "size": "16.00000000", "price": "0.19899000", "time": "2025-07-15T23:09:12.350609Z", "fetched_at": "2025-07-15T23:10:50.230866+00:00", "symbol": "DOGE-USD"}, {"trade_id": 139188066, "side": "sell", "size": "1417.50000000", "price": "0.19899000", "time": "2025-07-15T23:09:12.328001Z", "fetched_at": "2025-07-15T23:10:50.230866+00:00", "symbol": "DOGE-USD"}, {"trade_id": 139188065, "side": "sell", "size": "1372.00000000", "price": "0.19898000", "time": "2025-07-15T23:09:12.178042Z", "fetched_at": "2025-07-15T23:10:50.230866+00:00", "symbol": "DOGE-USD"}, {"trade_id": 139188064, "side": "sell", "size": "5.60000000", "price": "0.19898000", "time": "2025-07-15T23:09:12.178042Z", "fetched_at": "2025-07-15T23:10:50.230866+00:00", "symbol": "DOGE-USD"}, {"trade_id": 139188063, "side": "sell", "size": "347.90000000", "price": "0.19893000", "time": "2025-07-15T23:09:11.508124Z", "fetched_at": "2025-07-15T23:10:50.230866+00:00", "symbol": "DOGE-USD"}, {"trade_id": 139188062, "side": "sell", "size": "354.80000000", "price": "0.19893000", "time": "2025-07-15T23:09:11.508124Z", "fetched_at": "2025-07-15T23:10:50.230866+00:00", "symbol": "DOGE-USD"}, {"trade_id": 139188061, "side": "sell", "size": "333.20000000", "price": "0.19893000", "time": "2025-07-15T23:09:11.508124Z", "fetched_at": "2025-07-15T23:10:50.230866+00:00", "symbol": "DOGE-USD"}, {"trade_id": 139188060, "side": "sell", "size": "245.80000000", "price": "0.19893000", "time": "2025-07-15T23:09:11.508124Z", "fetched_at": "2025-07-15T23:10:50.230866+00:00", "symbol": "DOGE-USD"}, {"trade_id": 139188059, "side": "buy", "size": "56.40000000", "price": "0.19896000", "time": "2025-07-15T23:09:11.404503Z", "fetched_at": "2025-07-15T23:10:50.230866+00:00", "symbol": "DOGE-USD"}, {"trade_id": 139188058, "side": "buy", "size": "56.40000000", "price": "0.19896000", "time": "2025-07-15T23:09:11.393090Z", "fetched_at": "2025-07-15T23:10:50.230866+00:00", "symbol": "DOGE-USD"}, {"trade_id": 139188057, "side": "buy", "size": "5.60000000", "price": "0.19896000", "time": "2025-07-15T23:09:11.393090Z", "fetched_at": "2025-07-15T23:10:50.230866+00:00", "symbol": "DOGE-USD"}, {"trade_id": 139188056, "side": "sell", "size": "347.90000000", "price": "0.19898000", "time": "2025-07-15T23:09:10.660902Z", "fetched_at": "2025-07-15T23:10:50.230866+00:00", "symbol": "DOGE-USD"}, {"trade_id": 139188055, "side": "sell", "size": "354.80000000", "price": "0.19898000", "time": "2025-07-15T23:09:10.660902Z", "fetched_at": "2025-07-15T23:10:50.230866+00:00", "symbol": "DOGE-USD"}, {"trade_id": 139188054, "side": "sell", "size": "203.60000000", "price": "0.19898000", "time": "2025-07-15T23:09:10.030350Z", "fetched_at": "2025-07-15T23:10:50.230866+00:00", "symbol": "DOGE-USD"}, {"trade_id": 139188053, "side": "sell", "size": "347.90000000", "price": "0.19898000", "time": "2025-07-15T23:09:09.915452Z", "fetched_at": "2025-07-15T23:10:50.230866+00:00", "symbol": "DOGE-USD"}, {"trade_id": 139188052, "side": "sell", "size": "347.90000000", "price": "0.19901000", "time": "2025-07-15T23:09:09.698522Z", "fetched_at": "2025-07-15T23:10:50.230866+00:00", "symbol": "DOGE-USD"}, {"trade_id": 139188051, "side": "sell", "size": "347.90000000", "price": "0.19900000", "time": "2025-07-15T23:09:09.672309Z", "fetched_at": "2025-07-15T23:10:50.230866+00:00", "symbol": "DOGE-USD"}, {"trade_id": 139188050, "side": "sell", "size": "347.90000000", "price": "0.19899000", "time": "2025-07-15T23:09:09.659899Z", "fetched_at": "2025-07-15T23:10:50.230866+00:00", "symbol": "DOGE-USD"}, {"trade_id": 139188049, "side": "sell", "size": "347.90000000", "price": "0.19900000", "time": "2025-07-15T23:09:09.420427Z", "fetched_at": "2025-07-15T23:10:50.230866+00:00", "symbol": "DOGE-USD"}, {"trade_id": 139188048, "side": "sell", "size": "5.60000000", "price": "0.19900000", "time": "2025-07-15T23:09:07.082635Z", "fetched_at": "2025-07-15T23:10:50.230866+00:00", "symbol": "DOGE-USD"}, {"trade_id": 139188047, "side": "sell", "size": "347.90000000", "price": "0.19895000", "time": "2025-07-15T23:09:05.760655Z", "fetched_at": "2025-07-15T23:10:50.230866+00:00", "symbol": "DOGE-USD"}, {"trade_id": 139188046, "side": "sell", "size": "37.10000000", "price": "0.19895000", "time": "2025-07-15T23:09:05.608414Z", "fetched_at": "2025-07-15T23:10:50.230866+00:00", "symbol": "DOGE-USD"}, {"trade_id": 139188045, "side": "sell", "size": "491.70000000", "price": "0.19892000", "time": "2025-07-15T23:09:05.480626Z", "fetched_at": "2025-07-15T23:10:50.230866+00:00", "symbol": "DOGE-USD"}, {"trade_id": 139188044, "side": "sell", "size": "47.60000000", "price": "0.19889000", "time": "2025-07-15T23:09:05.055461Z", "fetched_at": "2025-07-15T23:10:50.230866+00:00", "symbol": "DOGE-USD"}, {"trade_id": 139188043, "side": "buy", "size": "56.40000000", "price": "0.19891000", "time": "2025-07-15T23:09:04.842725Z", "fetched_at": "2025-07-15T23:10:50.230866+00:00", "symbol": "DOGE-USD"}, {"trade_id": 139188042, "side": "buy", "size": "5.60000000", "price": "0.19892000", "time": "2025-07-15T23:09:04.777765Z", "fetched_at": "2025-07-15T23:10:50.230866+00:00", "symbol": "DOGE-USD"}, {"trade_id": 139188041, "side": "buy", "size": "125.90000000", "price": "0.19892000", "time": "2025-07-15T23:09:04.777765Z", "fetched_at": "2025-07-15T23:10:50.230866+00:00", "symbol": "DOGE-USD"}, {"trade_id": 139188040, "side": "sell", "size": "347.90000000", "price": "0.19894000", "time": "2025-07-15T23:09:02.057077Z", "fetched_at": "2025-07-15T23:10:50.230866+00:00", "symbol": "DOGE-USD"}, {"trade_id": 139188039, "side": "sell", "size": "3.70000000", "price": "0.19894000", "time": "2025-07-15T23:09:01.482339Z", "fetched_at": "2025-07-15T23:10:50.230866+00:00", "symbol": "DOGE-USD"}, {"trade_id": 139188038, "side": "sell", "size": "347.90000000", "price": "0.19897000", "time": "2025-07-15T23:09:00.908917Z", "fetched_at": "2025-07-15T23:10:50.230866+00:00", "symbol": "DOGE-USD"}, {"trade_id": 139188037, "side": "sell", "size": "354.80000000", "price": "0.19897000", "time": "2025-07-15T23:09:00.908917Z", "fetched_at": "2025-07-15T23:10:50.230866+00:00", "symbol": "DOGE-USD"}, {"trade_id": 139188036, "side": "sell", "size": "354.80000000", "price": "0.19897000", "time": "2025-07-15T23:09:00.549821Z", "fetched_at": "2025-07-15T23:10:50.230866+00:00", "symbol": "DOGE-USD"}, {"trade_id": 139188035, "side": "sell", "size": "347.90000000", "price": "0.19897000", "time": "2025-07-15T23:09:00.509766Z", "fetched_at": "2025-07-15T23:10:50.230866+00:00", "symbol": "DOGE-USD"}, {"trade_id": 139188034, "side": "sell", "size": "354.80000000", "price": "0.19897000", "time": "2025-07-15T23:09:00.499507Z", "fetched_at": "2025-07-15T23:10:50.230866+00:00", "symbol": "DOGE-USD"}, {"trade_id": 139188033, "side": "sell", "size": "354.80000000", "price": "0.19896000", "time": "2025-07-15T23:09:00.488652Z", "fetched_at": "2025-07-15T23:10:50.230866+00:00", "symbol": "DOGE-USD"}, {"trade_id": 139188032, "side": "sell", "size": "354.80000000", "price": "0.19896000", "time": "2025-07-15T23:09:00.448543Z", "fetched_at": "2025-07-15T23:10:50.230866+00:00", "symbol": "DOGE-USD"}, {"trade_id": 139188031, "side": "sell", "size": "354.80000000", "price": "0.19895000", "time": "2025-07-15T23:09:00.317195Z", "fetched_at": "2025-07-15T23:10:50.230866+00:00", "symbol": "DOGE-USD"}, {"trade_id": 139188030, "side": "sell", "size": "351.70000000", "price": "0.19899000", "time": "2025-07-15T23:09:00.287903Z", "fetched_at": "2025-07-15T23:10:50.230866+00:00", "symbol": "DOGE-USD"}, {"trade_id": 139188029, "side": "sell", "size": "354.80000000", "price": "0.19896000", "time": "2025-07-15T23:09:00.222309Z", "fetched_at": "2025-07-15T23:10:50.230866+00:00", "symbol": "DOGE-USD"}, {"trade_id": 139188028, "side": "buy", "size": "1899.40000000", "price": "0.19897000", "time": "2025-07-15T23:09:00.159077Z", "fetched_at": "2025-07-15T23:10:50.230866+00:00", "symbol": "DOGE-USD"}, {"trade_id": 139188027, "side": "buy", "size": "56.40000000", "price": "0.19898000", "time": "2025-07-15T23:09:00.146850Z", "fetched_at": "2025-07-15T23:10:50.230866+00:00", "symbol": "DOGE-USD"}, {"trade_id": 139188026, "side": "sell", "size": "97.60000000", "price": "0.19901000", "time": "2025-07-15T23:08:58.453611Z", "fetched_at": "2025-07-15T23:10:50.230866+00:00", "symbol": "DOGE-USD"}, {"trade_id": 139188025, "side": "buy", "size": "91.80000000", "price": "0.19899000", "time": "2025-07-15T23:08:56.093007Z", "fetched_at": "2025-07-15T23:10:50.230866+00:00", "symbol": "DOGE-USD"}, {"trade_id": 139188024, "side": "buy", "size": "56.40000000", "price": "0.19900000", "time": "2025-07-15T23:08:56.093007Z", "fetched_at": "2025-07-15T23:10:50.230866+00:00", "symbol": "DOGE-USD"}, {"trade_id": 139188023, "side": "buy", "size": "2.80000000", "price": "0.19900000", "time": "2025-07-15T23:08:54.211838Z", "fetched_at": "2025-07-15T23:10:50.230866+00:00", "symbol": "DOGE-USD"}, {"trade_id": 139188022, "side": "sell", "size": "1265.00000000", "price": "0.19905000", "time": "2025-07-15T23:08:54.122902Z", "fetched_at": "2025-07-15T23:10:50.230866+00:00", "symbol": "DOGE-USD"}, {"trade_id": 139188021, "side": "sell", "size": "6870.40000000", "price": "0.19905000", "time": "2025-07-15T23:08:54.122902Z", "fetched_at": "2025-07-15T23:10:50.230866+00:00", "symbol": "DOGE-USD"}, {"trade_id": 139188020, "side": "sell", "size": "4445.60000000", "price": "0.19905000", "time": "2025-07-15T23:08:54.122902Z", "fetched_at": "2025-07-15T23:10:50.230866+00:00", "symbol": "DOGE-USD"}, {"trade_id": 139188019, "side": "sell", "size": "1426.20000000", "price": "0.19905000", "time": "2025-07-15T23:08:54.122902Z", "fetched_at": "2025-07-15T23:10:50.230866+00:00", "symbol": "DOGE-USD"}, {"trade_id": 139188018, "side": "sell", "size": "10.00000000", "price": "0.19904000", "time": "2025-07-15T23:08:54.122902Z", "fetched_at": "2025-07-15T23:10:50.230866+00:00", "symbol": "DOGE-USD"}, {"trade_id": 139188017, "side": "sell", "size": "5.60000000", "price": "0.19904000", "time": "2025-07-15T23:08:54.122902Z", "fetched_at": "2025-07-15T23:10:50.230866+00:00", "symbol": "DOGE-USD"}, {"trade_id": 139188016, "side": "sell", "size": "1507.40000000", "price": "0.19902000", "time": "2025-07-15T23:08:54.122902Z", "fetched_at": "2025-07-15T23:10:50.230866+00:00", "symbol": "DOGE-USD"}, {"trade_id": 139188015, "side": "sell", "size": "23.80000000", "price": "0.19901000", "time": "2025-07-15T23:08:53.351640Z", "fetched_at": "2025-07-15T23:10:50.230866+00:00", "symbol": "DOGE-USD"}, {"trade_id": 139188014, "side": "sell", "size": "347.90000000", "price": "0.19900000", "time": "2025-07-15T23:08:46.766451Z", "fetched_at": "2025-07-15T23:10:50.230866+00:00", "symbol": "DOGE-USD"}, {"trade_id": 139188013, "side": "sell", "size": "1536.90000000", "price": "0.19900000", "time": "2025-07-15T23:08:46.754878Z", "fetched_at": "2025-07-15T23:10:50.230866+00:00", "symbol": "DOGE-USD"}, {"trade_id": 139188012, "side": "sell", "size": "347.90000000", "price": "0.19900000", "time": "2025-07-15T23:08:46.632688Z", "fetched_at": "2025-07-15T23:10:50.230866+00:00", "symbol": "DOGE-USD"}, {"trade_id": 139188011, "side": "sell", "size": "354.80000000", "price": "0.19900000", "time": "2025-07-15T23:08:46.632688Z", "fetched_at": "2025-07-15T23:10:50.230866+00:00", "symbol": "DOGE-USD"}, {"trade_id": 139188010, "side": "sell", "size": "5.60000000", "price": "0.19900000", "time": "2025-07-15T23:08:46.497895Z", "fetched_at": "2025-07-15T23:10:50.230866+00:00", "symbol": "DOGE-USD"}, {"trade_id": 139188009, "side": "sell", "size": "5.60000000", "price": "0.19898000", "time": "2025-07-15T23:08:45.882367Z", "fetched_at": "2025-07-15T23:10:50.230866+00:00", "symbol": "DOGE-USD"}, {"trade_id": 139188008, "side": "sell", "size": "5.60000000", "price": "0.19896000", "time": "2025-07-15T23:08:45.359992Z", "fetched_at": "2025-07-15T23:10:50.230866+00:00", "symbol": "DOGE-USD"}, {"trade_id": 139188007, "side": "sell", "size": "5.60000000", "price": "0.19894000", "time": "2025-07-15T23:08:45.285466Z", "fetched_at": "2025-07-15T23:10:50.230866+00:00", "symbol": "DOGE-USD"}, {"trade_id": 139188006, "side": "sell", "size": "5.60000000", "price": "0.19892000", "time": "2025-07-15T23:08:45.235926Z", "fetched_at": "2025-07-15T23:10:50.230866+00:00", "symbol": "DOGE-USD"}, {"trade_id": 139188005, "side": "sell", "size": "1213.50000000", "price": "0.19892000", "time": "2025-07-15T23:08:45.235926Z", "fetched_at": "2025-07-15T23:10:50.230866+00:00", "symbol": "DOGE-USD"}, {"trade_id": 139188004, "side": "buy", "size": "5.00000000", "price": "0.19890000", "time": "2025-07-15T23:08:43.436707Z", "fetched_at": "2025-07-15T23:10:50.230866+00:00", "symbol": "DOGE-USD"}, {"trade_id": 139188003, "side": "sell", "size": "5.60000000", "price": "0.19890000", "time": "2025-07-15T23:08:42.958043Z", "fetched_at": "2025-07-15T23:10:50.230866+00:00", "symbol": "DOGE-USD"}, {"trade_id": 139188002, "side": "sell", "size": "994.70000000", "price": "0.19888000", "time": "2025-07-15T23:08:41.920573Z", "fetched_at": "2025-07-15T23:10:50.230866+00:00", "symbol": "DOGE-USD"}, {"trade_id": 139188001, "side": "buy", "size": "536.30000000", "price": "0.19886000", "time": "2025-07-15T23:08:41.825256Z", "fetched_at": "2025-07-15T23:10:50.230866+00:00", "symbol": "DOGE-USD"}, {"trade_id": 139188000, "side": "sell", "size": "213.80000000", "price": "0.19887000", "time": "2025-07-15T23:08:40.012361Z", "fetched_at": "2025-07-15T23:10:50.230866+00:00", "symbol": "DOGE-USD"}, {"trade_id": 139187999, "side": "buy", "size": "485.00000000", "price": "0.19885000", "time": "2025-07-15T23:08:39.019012Z", "fetched_at": "2025-07-15T23:10:50.230866+00:00", "symbol": "DOGE-USD"}, {"trade_id": 139187998, "side": "buy", "size": "15.70000000", "price": "0.19886000", "time": "2025-07-15T23:08:39.019012Z", "fetched_at": "2025-07-15T23:10:50.230866+00:00", "symbol": "DOGE-USD"}, {"trade_id": 139187997, "side": "buy", "size": "5.60000000", "price": "0.19886000", "time": "2025-07-15T23:08:39.019012Z", "fetched_at": "2025-07-15T23:10:50.230866+00:00", "symbol": "DOGE-USD"}, {"trade_id": 139187996, "side": "buy", "size": "5.60000000", "price": "0.19888000", "time": "2025-07-15T23:08:39.019012Z", "fetched_at": "2025-07-15T23:10:50.230866+00:00", "symbol": "DOGE-USD"}, {"trade_id": 139187995, "side": "buy", "size": "5.60000000", "price": "0.19890000", "time": "2025-07-15T23:08:38.208974Z", "fetched_at": "2025-07-15T23:10:50.230866+00:00", "symbol": "DOGE-USD"}, {"trade_id": 139187994, "side": "buy", "size": "5.60000000", "price": "0.19892000", "time": "2025-07-15T23:08:37.425272Z", "fetched_at": "2025-07-15T23:10:50.230866+00:00", "symbol": "DOGE-USD"}, {"trade_id": 139187993, "side": "buy", "size": "5.60000000", "price": "0.19894000", "time": "2025-07-15T23:08:35.659311Z", "fetched_at": "2025-07-15T23:10:50.230866+00:00", "symbol": "DOGE-USD"}, {"trade_id": 139187992, "side": "buy", "size": "5.60000000", "price": "0.19896000", "time": "2025-07-15T23:08:35.233412Z", "fetched_at": "2025-07-15T23:10:50.230866+00:00", "symbol": "DOGE-USD"}, {"trade_id": 139187991, "side": "buy", "size": "5.60000000", "price": "0.19898000", "time": "2025-07-15T23:08:34.639623Z", "fetched_at": "2025-07-15T23:10:50.230866+00:00", "symbol": "DOGE-USD"}, {"trade_id": 139187990, "side": "buy", "size": "1655.80000000", "price": "0.19899000", "time": "2025-07-15T23:08:34.260237Z", "fetched_at": "2025-07-15T23:10:50.230866+00:00", "symbol": "DOGE-USD"}, {"trade_id": 139187989, "side": "sell", "size": "249.30000000", "price": "0.19900000", "time": "2025-07-15T23:08:33.980018Z", "fetched_at": "2025-07-15T23:10:50.230866+00:00", "symbol": "DOGE-USD"}, {"trade_id": 139187988, "side": "sell", "size": "791.50000000", "price": "0.19904000", "time": "2025-07-15T23:08:33.031794Z", "fetched_at": "2025-07-15T23:10:50.230866+00:00", "symbol": "DOGE-USD"}, {"trade_id": 139187987, "side": "sell", "size": "4494.40000000", "price": "0.19904000", "time": "2025-07-15T23:08:33.031794Z", "fetched_at": "2025-07-15T23:10:50.230866+00:00", "symbol": "DOGE-USD"}, {"trade_id": 139187986, "side": "sell", "size": "4506.30000000", "price": "0.19904000", "time": "2025-07-15T23:08:33.031794Z", "fetched_at": "2025-07-15T23:10:50.230866+00:00", "symbol": "DOGE-USD"}, {"trade_id": 139187985, "side": "sell", "size": "6868.30000000", "price": "0.19904000", "time": "2025-07-15T23:08:33.031794Z", "fetched_at": "2025-07-15T23:10:50.230866+00:00", "symbol": "DOGE-USD"}, {"trade_id": 139187984, "side": "sell", "size": "1533.70000000", "price": "0.19902000", "time": "2025-07-15T23:08:33.031794Z", "fetched_at": "2025-07-15T23:10:50.230866+00:00", "symbol": "DOGE-USD"}, {"trade_id": 139187983, "side": "sell", "size": "983.40000000", "price": "0.19902000", "time": "2025-07-15T23:08:33.031794Z", "fetched_at": "2025-07-15T23:10:50.230866+00:00", "symbol": "DOGE-USD"}, {"trade_id": 139187982, "side": "sell", "size": "354.80000000", "price": "0.19900000", "time": "2025-07-15T23:08:33.031794Z", "fetched_at": "2025-07-15T23:10:50.230866+00:00", "symbol": "DOGE-USD"}, {"trade_id": 139187981, "side": "sell", "size": "347.90000000", "price": "0.19900000", "time": "2025-07-15T23:08:33.031794Z", "fetched_at": "2025-07-15T23:10:50.230866+00:00", "symbol": "DOGE-USD"}, {"trade_id": 139187980, "side": "buy", "size": "5.60000000", "price": "0.19900000", "time": "2025-07-15T23:08:32.453205Z", "fetched_at": "2025-07-15T23:10:50.230866+00:00", "symbol": "DOGE-USD"}, {"trade_id": 139187979, "side": "buy", "size": "17.90000000", "price": "0.19901000", "time": "2025-07-15T23:08:32.442942Z", "fetched_at": "2025-07-15T23:10:50.230866+00:00", "symbol": "DOGE-USD"}, {"trade_id": 139187978, "side": "buy", "size": "5.60000000", "price": "0.19902000", "time": "2025-07-15T23:08:32.435345Z", "fetched_at": "2025-07-15T23:10:50.230866+00:00", "symbol": "DOGE-USD"}, {"trade_id": 139187977, "side": "buy", "size": "5.60000000", "price": "0.19904000", "time": "2025-07-15T23:08:32.395366Z", "fetched_at": "2025-07-15T23:10:50.230866+00:00", "symbol": "DOGE-USD"}, {"trade_id": 139187976, "side": "buy", "size": "50.30000000", "price": "0.19904000", "time": "2025-07-15T23:08:32.395366Z", "fetched_at": "2025-07-15T23:10:50.230866+00:00", "symbol": "DOGE-USD"}, {"trade_id": 139187975, "side": "buy", "size": "5.60000000", "price": "0.19906000", "time": "2025-07-15T23:08:31.640579Z", "fetched_at": "2025-07-15T23:10:50.230866+00:00", "symbol": "DOGE-USD"}, {"trade_id": 139187974, "side": "buy", "size": "5.60000000", "price": "0.19908000", "time": "2025-07-15T23:08:31.635528Z", "fetched_at": "2025-07-15T23:10:50.230866+00:00", "symbol": "DOGE-USD"}, {"trade_id": 139187973, "side": "sell", "size": "80.20000000", "price": "0.19913000", "time": "2025-07-15T23:08:28.499507Z", "fetched_at": "2025-07-15T23:10:50.230866+00:00", "symbol": "DOGE-USD"}, {"trade_id": 139187972, "side": "buy", "size": "72.90000000", "price": "0.19911000", "time": "2025-07-15T23:08:27.834081Z", "fetched_at": "2025-07-15T23:10:50.230866+00:00", "symbol": "DOGE-USD"}, {"trade_id": 139187971, "side": "buy", "size": "15.40000000", "price": "0.19910000", "time": "2025-07-15T23:08:27.509368Z", "fetched_at": "2025-07-15T23:10:50.230866+00:00", "symbol": "DOGE-USD"}, {"trade_id": 139187970, "side": "buy", "size": "207.10000000", "price": "0.19910000", "time": "2025-07-15T23:08:27.477610Z", "fetched_at": "2025-07-15T23:10:50.230866+00:00", "symbol": "DOGE-USD"}, {"trade_id": 139187969, "side": "buy", "size": "5.60000000", "price": "0.19910000", "time": "2025-07-15T23:08:27.477610Z", "fetched_at": "2025-07-15T23:10:50.230866+00:00", "symbol": "DOGE-USD"}, {"trade_id": 139187968, "side": "buy", "size": "933.80000000", "price": "0.19910000", "time": "2025-07-15T23:08:27.477610Z", "fetched_at": "2025-07-15T23:10:50.230866+00:00", "symbol": "DOGE-USD"}, {"trade_id": 139187967, "side": "buy", "size": "56.30000000", "price": "0.19911000", "time": "2025-07-15T23:08:27.477610Z", "fetched_at": "2025-07-15T23:10:50.230866+00:00", "symbol": "DOGE-USD"}, {"trade_id": 139187966, "side": "buy", "size": "690.20000000", "price": "0.19910000", "time": "2025-07-15T23:08:27.293623Z", "fetched_at": "2025-07-15T23:10:50.230866+00:00", "symbol": "DOGE-USD"}, {"trade_id": 139187965, "side": "sell", "size": "24.90000000", "price": "0.19913000", "time": "2025-07-15T23:08:27.286547Z", "fetched_at": "2025-07-15T23:10:50.230866+00:00", "symbol": "DOGE-USD"}, {"trade_id": 139187964, "side": "sell", "size": "10.60000000", "price": "0.19917000", "time": "2025-07-15T23:08:25.203075Z", "fetched_at": "2025-07-15T23:10:50.230866+00:00", "symbol": "DOGE-USD"}, {"trade_id": 139187963, "side": "sell", "size": "5.60000000", "price": "0.19916000", "time": "2025-07-15T23:08:25.203075Z", "fetched_at": "2025-07-15T23:10:50.230866+00:00", "symbol": "DOGE-USD"}, {"trade_id": 139187962, "side": "buy", "size": "11.00000000", "price": "0.19915000", "time": "2025-07-15T23:08:24.742449Z", "fetched_at": "2025-07-15T23:10:50.230866+00:00", "symbol": "DOGE-USD"}, {"trade_id": 139187961, "side": "sell", "size": "5.60000000", "price": "0.19914000", "time": "2025-07-15T23:08:23.500692Z", "fetched_at": "2025-07-15T23:10:50.230866+00:00", "symbol": "DOGE-USD"}, {"trade_id": 139187960, "side": "buy", "size": "180.90000000", "price": "0.19906000", "time": "2025-07-15T23:08:20.505152Z", "fetched_at": "2025-07-15T23:10:50.230866+00:00", "symbol": "DOGE-USD"}, {"trade_id": 139187959, "side": "buy", "size": "5023.30000000", "price": "0.19907000", "time": "2025-07-15T23:08:20.505152Z", "fetched_at": "2025-07-15T23:10:50.230866+00:00", "symbol": "DOGE-USD"}, {"trade_id": 139187958, "side": "buy", "size": "1541.00000000", "price": "0.19908000", "time": "2025-07-15T23:08:20.505152Z", "fetched_at": "2025-07-15T23:10:50.230866+00:00", "symbol": "DOGE-USD"}, {"trade_id": 139187957, "side": "buy", "size": "719.20000000", "price": "0.19910000", "time": "2025-07-15T23:08:20.505152Z", "fetched_at": "2025-07-15T23:10:50.230866+00:00", "symbol": "DOGE-USD"}, {"trade_id": 139187956, "side": "buy", "size": "56.30000000", "price": "0.19911000", "time": "2025-07-15T23:08:20.505152Z", "fetched_at": "2025-07-15T23:10:50.230866+00:00", "symbol": "DOGE-USD"}, {"trade_id": 139187955, "side": "sell", "size": "347.90000000", "price": "0.19907000", "time": "2025-07-15T23:08:18.906944Z", "fetched_at": "2025-07-15T23:10:50.230866+00:00", "symbol": "DOGE-USD"}, {"trade_id": 139187954, "side": "sell", "size": "354.80000000", "price": "0.19907000", "time": "2025-07-15T23:08:18.906944Z", "fetched_at": "2025-07-15T23:10:50.230866+00:00", "symbol": "DOGE-USD"}, {"trade_id": 139187953, "side": "buy", "size": "1129.10000000", "price": "0.19905000", "time": "2025-07-15T23:08:18.899306Z", "fetched_at": "2025-07-15T23:10:50.230866+00:00", "symbol": "DOGE-USD"}, {"trade_id": 139187952, "side": "buy", "size": "1408.10000000", "price": "0.19907000", "time": "2025-07-15T23:08:18.899306Z", "fetched_at": "2025-07-15T23:10:50.230866+00:00", "symbol": "DOGE-USD"}, {"trade_id": 139187951, "side": "sell", "size": "347.90000000", "price": "0.19907000", "time": "2025-07-15T23:08:18.492497Z", "fetched_at": "2025-07-15T23:10:50.230866+00:00", "symbol": "DOGE-USD"}, {"trade_id": 139187950, "side": "sell", "size": "347.90000000", "price": "0.19906000", "time": "2025-07-15T23:08:18.474725Z", "fetched_at": "2025-07-15T23:10:50.230866+00:00", "symbol": "DOGE-USD"}, {"trade_id": 139187949, "side": "sell", "size": "354.80000000", "price": "0.19905000", "time": "2025-07-15T23:08:18.158183Z", "fetched_at": "2025-07-15T23:10:50.230866+00:00", "symbol": "DOGE-USD"}, {"trade_id": 139187948, "side": "sell", "size": "347.90000000", "price": "0.19905000", "time": "2025-07-15T23:08:18.158183Z", "fetched_at": "2025-07-15T23:10:50.230866+00:00", "symbol": "DOGE-USD"}, {"trade_id": 139187947, "side": "sell", "size": "347.90000000", "price": "0.19907000", "time": "2025-07-15T23:08:17.180073Z", "fetched_at": "2025-07-15T23:10:50.230866+00:00", "symbol": "DOGE-USD"}, {"trade_id": 139187946, "side": "buy", "size": "14.60000000", "price": "0.19905000", "time": "2025-07-15T23:08:17.071083Z", "fetched_at": "2025-07-15T23:10:50.230866+00:00", "symbol": "DOGE-USD"}, {"trade_id": 139187945, "side": "buy", "size": "56.40000000", "price": "0.19907000", "time": "2025-07-15T23:08:17.071083Z", "fetched_at": "2025-07-15T23:10:50.230866+00:00", "symbol": "DOGE-USD"}, {"trade_id": 139187944, "side": "buy", "size": "72.20000000", "price": "0.19908000", "time": "2025-07-15T23:08:16.903618Z", "fetched_at": "2025-07-15T23:10:50.230866+00:00", "symbol": "DOGE-USD"}, {"trade_id": 139187943, "side": "sell", "size": "347.90000000", "price": "0.19908000", "time": "2025-07-15T23:08:16.672282Z", "fetched_at": "2025-07-15T23:10:50.230866+00:00", "symbol": "DOGE-USD"}, {"trade_id": 139187942, "side": "sell", "size": "347.90000000", "price": "0.19909000", "time": "2025-07-15T23:08:15.938483Z", "fetched_at": "2025-07-15T23:10:50.230866+00:00", "symbol": "DOGE-USD"}, {"trade_id": 139187941, "side": "sell", "size": "347.90000000", "price": "0.19908000", "time": "2025-07-15T23:08:15.918618Z", "fetched_at": "2025-07-15T23:10:50.230866+00:00", "symbol": "DOGE-USD"}, {"trade_id": 139187940, "side": "sell", "size": "347.90000000", "price": "0.19906000", "time": "2025-07-15T23:08:14.527311Z", "fetched_at": "2025-07-15T23:10:50.230866+00:00", "symbol": "DOGE-USD"}, {"trade_id": 139187939, "side": "sell", "size": "354.80000000", "price": "0.19906000", "time": "2025-07-15T23:08:14.415638Z", "fetched_at": "2025-07-15T23:10:50.230866+00:00", "symbol": "DOGE-USD"}, {"trade_id": 139187938, "side": "sell", "size": "347.90000000", "price": "0.19906000", "time": "2025-07-15T23:08:14.415638Z", "fetched_at": "2025-07-15T23:10:50.230866+00:00", "symbol": "DOGE-USD"}, {"trade_id": 139187937, "side": "buy", "size": "15815.20000000", "price": "0.19910000", "time": "2025-07-15T23:08:14.293896Z", "fetched_at": "2025-07-15T23:10:50.230866+00:00", "symbol": "DOGE-USD"}, {"trade_id": 139187936, "side": "buy", "size": "5044.70000000", "price": "0.19910000", "time": "2025-07-15T23:08:14.190103Z", "fetched_at": "2025-07-15T23:10:50.230866+00:00", "symbol": "DOGE-USD"}, {"trade_id": 139187935, "side": "sell", "size": "5.60000000", "price": "0.19912000", "time": "2025-07-15T23:08:14.100171Z", "fetched_at": "2025-07-15T23:10:50.230866+00:00", "symbol": "DOGE-USD"}, {"trade_id": 139187934, "side": "sell", "size": "521.80000000", "price": "0.19909000", "time": "2025-07-15T23:08:13.431740Z", "fetched_at": "2025-07-15T23:10:50.230866+00:00", "symbol": "DOGE-USD"}, {"trade_id": 139187933, "side": "sell", "size": "347.90000000", "price": "0.19909000", "time": "2025-07-15T23:08:13.416648Z", "fetched_at": "2025-07-15T23:10:50.230866+00:00", "symbol": "DOGE-USD"}, {"trade_id": 139187932, "side": "sell", "size": "347.90000000", "price": "0.19903000", "time": "2025-07-15T23:08:12.219171Z", "fetched_at": "2025-07-15T23:10:50.230866+00:00", "symbol": "DOGE-USD"}, {"trade_id": 139187931, "side": "sell", "size": "347.90000000", "price": "0.19902000", "time": "2025-07-15T23:08:12.184535Z", "fetched_at": "2025-07-15T23:10:50.230866+00:00", "symbol": "DOGE-USD"}, {"trade_id": 139187930, "side": "buy", "size": "1414.40000000", "price": "0.19901000", "time": "2025-07-15T23:08:12.110201Z", "fetched_at": "2025-07-15T23:10:50.230866+00:00", "symbol": "DOGE-USD"}, {"trade_id": 139187929, "side": "buy", "size": "1593.00000000", "price": "0.19901000", "time": "2025-07-15T23:08:12.110201Z", "fetched_at": "2025-07-15T23:10:50.230866+00:00", "symbol": "DOGE-USD"}, {"trade_id": 139187928, "side": "sell", "size": "347.90000000", "price": "0.19907000", "time": "2025-07-15T23:08:11.897141Z", "fetched_at": "2025-07-15T23:10:50.230866+00:00", "symbol": "DOGE-USD"}, {"trade_id": 139187927, "side": "buy", "size": "1987.90000000", "price": "0.19911000", "time": "2025-07-15T23:08:11.113219Z", "fetched_at": "2025-07-15T23:10:50.230866+00:00", "symbol": "DOGE-USD"}, {"trade_id": 139187926, "side": "buy", "size": "1345.60000000", "price": "0.19911000", "time": "2025-07-15T23:08:11.113219Z", "fetched_at": "2025-07-15T23:10:50.230866+00:00", "symbol": "DOGE-USD"}, {"trade_id": 139187925, "side": "buy", "size": "1593.00000000", "price": "0.19912000", "time": "2025-07-15T23:08:11.112575Z", "fetched_at": "2025-07-15T23:10:50.230866+00:00", "symbol": "DOGE-USD"}, {"trade_id": 139187924, "side": "buy", "size": "4929.90000000", "price": "0.19913000", "time": "2025-07-15T23:08:11.111690Z", "fetched_at": "2025-07-15T23:10:50.230866+00:00", "symbol": "DOGE-USD"}, {"trade_id": 139187923, "side": "buy", "size": "15946.80000000", "price": "0.19913000", "time": "2025-07-15T23:08:11.111096Z", "fetched_at": "2025-07-15T23:10:50.230866+00:00", "symbol": "DOGE-USD"}, {"trade_id": 139187922, "side": "sell", "size": "5.60000000", "price": "0.19916000", "time": "2025-07-15T23:08:11.011716Z", "fetched_at": "2025-07-15T23:10:50.230866+00:00", "symbol": "DOGE-USD"}, {"trade_id": 139187921, "side": "sell", "size": "0.30000000", "price": "0.19916000", "time": "2025-07-15T23:08:11.011716Z", "fetched_at": "2025-07-15T23:10:50.230866+00:00", "symbol": "DOGE-USD"}, {"trade_id": 139187920, "side": "sell", "size": "0.20000000", "price": "0.19916000", "time": "2025-07-15T23:08:11.011716Z", "fetched_at": "2025-07-15T23:10:50.230866+00:00", "symbol": "DOGE-USD"}, {"trade_id": 139187919, "side": "sell", "size": "1373.70000000", "price": "0.19916000", "time": "2025-07-15T23:08:11.011716Z", "fetched_at": "2025-07-15T23:10:50.230866+00:00", "symbol": "DOGE-USD"}, {"trade_id": 139187918, "side": "sell", "size": "0.20000000", "price": "0.19913000", "time": "2025-07-15T23:08:10.812940Z", "fetched_at": "2025-07-15T23:10:50.230866+00:00", "symbol": "DOGE-USD"}, {"trade_id": 139187917, "side": "sell", "size": "28.70000000", "price": "0.19913000", "time": "2025-07-15T23:08:10.812940Z", "fetched_at": "2025-07-15T23:10:50.230866+00:00", "symbol": "DOGE-USD"}, {"trade_id": 139187916, "side": "sell", "size": "116.90000000", "price": "0.19913000", "time": "2025-07-15T23:08:10.812940Z", "fetched_at": "2025-07-15T23:10:50.230866+00:00", "symbol": "DOGE-USD"}, {"trade_id": 139187915, "side": "sell", "size": "5.60000000", "price": "0.19912000", "time": "2025-07-15T23:08:10.808461Z", "fetched_at": "2025-07-15T23:10:50.230866+00:00", "symbol": "DOGE-USD"}, {"trade_id": 139187914, "side": "sell", "size": "0.10000000", "price": "0.19912000", "time": "2025-07-15T23:08:10.808461Z", "fetched_at": "2025-07-15T23:10:50.230866+00:00", "symbol": "DOGE-USD"}, {"trade_id": 139187913, "side": "sell", "size": "28.60000000", "price": "0.19912000", "time": "2025-07-15T23:08:10.808461Z", "fetched_at": "2025-07-15T23:10:50.230866+00:00", "symbol": "DOGE-USD"}, {"trade_id": 139187912, "side": "sell", "size": "41.90000000", "price": "0.19911000", "time": "2025-07-15T23:08:10.807001Z", "fetched_at": "2025-07-15T23:10:50.230866+00:00", "symbol": "DOGE-USD"}, {"trade_id": 139187911, "side": "sell", "size": "347.90000000", "price": "0.19909000", "time": "2025-07-15T23:08:10.781568Z", "fetched_at": "2025-07-15T23:10:50.230866+00:00", "symbol": "DOGE-USD"}, {"trade_id": 139187910, "side": "sell", "size": "347.90000000", "price": "0.19908000", "time": "2025-07-15T23:08:10.763045Z", "fetched_at": "2025-07-15T23:10:50.230866+00:00", "symbol": "DOGE-USD"}, {"trade_id": 139187909, "side": "sell", "size": "5.60000000", "price": "0.19908000", "time": "2025-07-15T23:08:10.750541Z", "fetched_at": "2025-07-15T23:10:50.230866+00:00", "symbol": "DOGE-USD"}, {"trade_id": 139187908, "side": "sell", "size": "770.90000000", "price": "0.19908000", "time": "2025-07-15T23:08:10.750541Z", "fetched_at": "2025-07-15T23:10:50.230866+00:00", "symbol": "DOGE-USD"}, {"trade_id": 139187907, "side": "sell", "size": "9.60000000", "price": "0.19908000", "time": "2025-07-15T23:08:10.750541Z", "fetched_at": "2025-07-15T23:10:50.230866+00:00", "symbol": "DOGE-USD"}, {"trade_id": 139187906, "side": "sell", "size": "0.20000000", "price": "0.19907000", "time": "2025-07-15T23:08:10.750541Z", "fetched_at": "2025-07-15T23:10:50.230866+00:00", "symbol": "DOGE-USD"}, {"trade_id": 139187905, "side": "sell", "size": "347.90000000", "price": "0.19906000", "time": "2025-07-15T23:08:10.660227Z", "fetched_at": "2025-07-15T23:10:50.230866+00:00", "symbol": "DOGE-USD"}, {"trade_id": 139187904, "side": "sell", "size": "347.90000000", "price": "0.19904000", "time": "2025-07-15T23:08:10.586750Z", "fetched_at": "2025-07-15T23:10:50.230866+00:00", "symbol": "DOGE-USD"}, {"trade_id": 139187903, "side": "sell", "size": "448.50000000", "price": "0.19906000", "time": "2025-07-15T23:08:10.557638Z", "fetched_at": "2025-07-15T23:10:50.230866+00:00", "symbol": "DOGE-USD"}, {"trade_id": 139187902, "side": "sell", "size": "20879.50000000", "price": "0.19905000", "time": "2025-07-15T23:08:10.554019Z", "fetched_at": "2025-07-15T23:10:50.230866+00:00", "symbol": "DOGE-USD"}, {"trade_id": 139187901, "side": "sell", "size": "198.30000000", "price": "0.19905000", "time": "2025-07-15T23:08:10.554019Z", "fetched_at": "2025-07-15T23:10:50.230866+00:00", "symbol": "DOGE-USD"}, {"trade_id": 139187900, "side": "sell", "size": "5.60000000", "price": "0.19904000", "time": "2025-07-15T23:08:10.554019Z", "fetched_at": "2025-07-15T23:10:50.230866+00:00", "symbol": "DOGE-USD"}, {"trade_id": 139187899, "side": "sell", "size": "1911.50000000", "price": "0.19903000", "time": "2025-07-15T23:08:10.553247Z", "fetched_at": "2025-07-15T23:10:50.230866+00:00", "symbol": "DOGE-USD"}, {"trade_id": 139187898, "side": "sell", "size": "1406.80000000", "price": "0.19903000", "time": "2025-07-15T23:08:10.553247Z", "fetched_at": "2025-07-15T23:10:50.230866+00:00", "symbol": "DOGE-USD"}, {"trade_id": 139187897, "side": "sell", "size": "1295.10000000", "price": "0.19902000", "time": "2025-07-15T23:08:10.552529Z", "fetched_at": "2025-07-15T23:10:50.230866+00:00", "symbol": "DOGE-USD"}, {"trade_id": 139187896, "side": "sell", "size": "5.60000000", "price": "0.19900000", "time": "2025-07-15T23:08:10.552380Z", "fetched_at": "2025-07-15T23:10:50.230866+00:00", "symbol": "DOGE-USD"}, {"trade_id": 139187895, "side": "sell", "size": "333.20000000", "price": "0.19900000", "time": "2025-07-15T23:08:10.552380Z", "fetched_at": "2025-07-15T23:10:50.230866+00:00", "symbol": "DOGE-USD"}, {"trade_id": 139187894, "side": "sell", "size": "2316.20000000", "price": "0.19900000", "time": "2025-07-15T23:08:10.552380Z", "fetched_at": "2025-07-15T23:10:50.230866+00:00", "symbol": "DOGE-USD"}, {"trade_id": 139187893, "side": "sell", "size": "6574.60000000", "price": "0.19900000", "time": "2025-07-15T23:08:10.552380Z", "fetched_at": "2025-07-15T23:10:50.230866+00:00", "symbol": "DOGE-USD"}, {"trade_id": 139187892, "side": "sell", "size": "13425.40000000", "price": "0.19900000", "time": "2025-07-15T23:08:10.552279Z", "fetched_at": "2025-07-15T23:10:50.230866+00:00", "symbol": "DOGE-USD"}, {"trade_id": 139187891, "side": "sell", "size": "0.30000000", "price": "0.19900000", "time": "2025-07-15T23:08:10.552279Z", "fetched_at": "2025-07-15T23:10:50.230866+00:00", "symbol": "DOGE-USD"}, {"trade_id": 139187890, "side": "sell", "size": "0.20000000", "price": "0.19899000", "time": "2025-07-15T23:08:10.552279Z", "fetched_at": "2025-07-15T23:10:50.230866+00:00", "symbol": "DOGE-USD"}, {"trade_id": 139187889, "side": "sell", "size": "5.30000000", "price": "0.19899000", "time": "2025-07-15T23:08:10.552279Z", "fetched_at": "2025-07-15T23:10:50.230866+00:00", "symbol": "DOGE-USD"}, {"trade_id": 139187888, "side": "sell", "size": "5.60000000", "price": "0.19898000", "time": "2025-07-15T23:08:10.552279Z", "fetched_at": "2025-07-15T23:10:50.230866+00:00", "symbol": "DOGE-USD"}, {"trade_id": 139187887, "side": "sell", "size": "0.10000000", "price": "0.19898000", "time": "2025-07-15T23:08:10.552279Z", "fetched_at": "2025-07-15T23:10:50.230866+00:00", "symbol": "DOGE-USD"}, {"trade_id": 139187886, "side": "sell", "size": "27.70000000", "price": "0.19898000", "time": "2025-07-15T23:08:10.552279Z", "fetched_at": "2025-07-15T23:10:50.230866+00:00", "symbol": "DOGE-USD"}, {"trade_id": 139187885, "side": "sell", "size": "100.30000000", "price": "0.19898000", "time": "2025-07-15T23:08:10.552279Z", "fetched_at": "2025-07-15T23:10:50.230866+00:00", "symbol": "DOGE-USD"}, {"trade_id": 139187884, "side": "sell", "size": "1436.10000000", "price": "0.19897000", "time": "2025-07-15T23:08:10.506152Z", "fetched_at": "2025-07-15T23:10:50.230866+00:00", "symbol": "DOGE-USD"}, {"trade_id": 139187883, "side": "sell", "size": "167.90000000", "price": "0.19897000", "time": "2025-07-15T23:08:10.506152Z", "fetched_at": "2025-07-15T23:10:50.230866+00:00", "symbol": "DOGE-USD"}, {"trade_id": 139187882, "side": "sell", "size": "5.60000000", "price": "0.19896000", "time": "2025-07-15T23:08:10.057228Z", "fetched_at": "2025-07-15T23:10:50.230866+00:00", "symbol": "DOGE-USD"}, {"trade_id": 139187881, "side": "sell", "size": "37.20000000", "price": "0.19896000", "time": "2025-07-15T23:08:10.057228Z", "fetched_at": "2025-07-15T23:10:50.230866+00:00", "symbol": "DOGE-USD"}, {"trade_id": 139187880, "side": "sell", "size": "0.10000000", "price": "0.19896000", "time": "2025-07-15T23:08:10.057228Z", "fetched_at": "2025-07-15T23:10:50.230866+00:00", "symbol": "DOGE-USD"}, {"trade_id": 139187879, "side": "sell", "size": "7.60000000", "price": "0.19896000", "time": "2025-07-15T23:08:10.057228Z", "fetched_at": "2025-07-15T23:10:50.230866+00:00", "symbol": "DOGE-USD"}, {"trade_id": 139187878, "side": "sell", "size": "2966.20000000", "price": "0.19895000", "time": "2025-07-15T23:08:10.013964Z", "fetched_at": "2025-07-15T23:10:50.230866+00:00", "symbol": "DOGE-USD"}, {"trade_id": 139187877, "side": "sell", "size": "102.70000000", "price": "0.19895000", "time": "2025-07-15T23:08:10.013964Z", "fetched_at": "2025-07-15T23:10:50.230866+00:00", "symbol": "DOGE-USD"}, {"trade_id": 139187876, "side": "sell", "size": "5.60000000", "price": "0.19894000", "time": "2025-07-15T23:08:10.012576Z", "fetched_at": "2025-07-15T23:10:50.230866+00:00", "symbol": "DOGE-USD"}, {"trade_id": 139187875, "side": "sell", "size": "137.80000000", "price": "0.19894000", "time": "2025-07-15T23:08:10.012576Z", "fetched_at": "2025-07-15T23:10:50.230866+00:00", "symbol": "DOGE-USD"}, {"trade_id": 139187874, "side": "sell", "size": "0.30000000", "price": "0.19894000", "time": "2025-07-15T23:08:10.012576Z", "fetched_at": "2025-07-15T23:10:50.230866+00:00", "symbol": "DOGE-USD"}, {"trade_id": 139187873, "side": "sell", "size": "143.20000000", "price": "0.19894000", "time": "2025-07-15T23:08:10.012576Z", "fetched_at": "2025-07-15T23:10:50.230866+00:00", "symbol": "DOGE-USD"}, {"trade_id": 139187872, "side": "sell", "size": "163.20000000", "price": "0.19893000", "time": "2025-07-15T23:08:09.827248Z", "fetched_at": "2025-07-15T23:10:50.230866+00:00", "symbol": "DOGE-USD"}, {"trade_id": 139187871, "side": "sell", "size": "5.60000000", "price": "0.19892000", "time": "2025-07-15T23:08:09.497591Z", "fetched_at": "2025-07-15T23:10:50.230866+00:00", "symbol": "DOGE-USD"}, {"trade_id": 139187870, "side": "sell", "size": "97.80000000", "price": "0.19892000", "time": "2025-07-15T23:08:09.497591Z", "fetched_at": "2025-07-15T23:10:50.230866+00:00", "symbol": "DOGE-USD"}, {"trade_id": 139187869, "side": "sell", "size": "0.10000000", "price": "0.19892000", "time": "2025-07-15T23:08:09.497591Z", "fetched_at": "2025-07-15T23:10:50.230866+00:00", "symbol": "DOGE-USD"}, {"trade_id": 139187868, "side": "sell", "size": "0.10000000", "price": "0.19892000", "time": "2025-07-15T23:08:09.497591Z", "fetched_at": "2025-07-15T23:10:50.230866+00:00", "symbol": "DOGE-USD"}, {"trade_id": 139187867, "side": "sell", "size": "354.80000000", "price": "0.19890000", "time": "2025-07-15T23:08:08.982584Z", "fetched_at": "2025-07-15T23:10:50.230866+00:00", "symbol": "DOGE-USD"}, {"trade_id": 139187866, "side": "sell", "size": "333.20000000", "price": "0.19890000", "time": "2025-07-15T23:08:08.982584Z", "fetched_at": "2025-07-15T23:10:50.230866+00:00", "symbol": "DOGE-USD"}, {"trade_id": 139187865, "side": "sell", "size": "347.90000000", "price": "0.19890000", "time": "2025-07-15T23:08:08.982584Z", "fetched_at": "2025-07-15T23:10:50.230866+00:00", "symbol": "DOGE-USD"}, {"trade_id": 139187864, "side": "sell", "size": "347.90000000", "price": "0.19888000", "time": "2025-07-15T23:08:08.604906Z", "fetched_at": "2025-07-15T23:10:50.230866+00:00", "symbol": "DOGE-USD"}, {"trade_id": 139187863, "side": "sell", "size": "347.90000000", "price": "0.19888000", "time": "2025-07-15T23:08:08.072524Z", "fetched_at": "2025-07-15T23:10:50.230866+00:00", "symbol": "DOGE-USD"}, {"trade_id": 139187862, "side": "sell", "size": "20894.90000000", "price": "0.19891000", "time": "2025-07-15T23:08:07.957912Z", "fetched_at": "2025-07-15T23:10:50.230866+00:00", "symbol": "DOGE-USD"}, {"trade_id": 139187861, "side": "sell", "size": "323.90000000", "price": "0.19891000", "time": "2025-07-15T23:08:07.957912Z", "fetched_at": "2025-07-15T23:10:50.230866+00:00", "symbol": "DOGE-USD"}, {"trade_id": 139187860, "side": "sell", "size": "0.10000000", "price": "0.19891000", "time": "2025-07-15T23:08:07.957912Z", "fetched_at": "2025-07-15T23:10:50.230866+00:00", "symbol": "DOGE-USD"}, {"trade_id": 139187859, "side": "sell", "size": "38.60000000", "price": "0.19888000", "time": "2025-07-15T23:08:07.573526Z", "fetched_at": "2025-07-15T23:10:50.230866+00:00", "symbol": "DOGE-USD"}, {"trade_id": 139187858, "side": "sell", "size": "5905.30000000", "price": "0.19890000", "time": "2025-07-15T23:08:07.297537Z", "fetched_at": "2025-07-15T23:10:50.230866+00:00", "symbol": "DOGE-USD"}, {"trade_id": 139187857, "side": "sell", "size": "5.60000000", "price": "0.19890000", "time": "2025-07-15T23:08:07.297537Z", "fetched_at": "2025-07-15T23:10:50.230866+00:00", "symbol": "DOGE-USD"}, {"trade_id": 139187856, "side": "sell", "size": "128.00000000", "price": "0.19890000", "time": "2025-07-15T23:08:07.297537Z", "fetched_at": "2025-07-15T23:10:50.230866+00:00", "symbol": "DOGE-USD"}, {"trade_id": 139187855, "side": "sell", "size": "0.10000000", "price": "0.19890000", "time": "2025-07-15T23:08:07.297537Z", "fetched_at": "2025-07-15T23:10:50.230866+00:00", "symbol": "DOGE-USD"}, {"trade_id": 139187854, "side": "sell", "size": "4471.20000000", "price": "0.19889000", "time": "2025-07-15T23:08:07.297537Z", "fetched_at": "2025-07-15T23:10:50.230866+00:00", "symbol": "DOGE-USD"}, {"trade_id": 139187853, "side": "sell", "size": "6876.90000000", "price": "0.19889000", "time": "2025-07-15T23:08:07.297537Z", "fetched_at": "2025-07-15T23:10:50.230866+00:00", "symbol": "DOGE-USD"}, {"trade_id": 139187852, "side": "sell", "size": "122.70000000", "price": "0.19889000", "time": "2025-07-15T23:08:07.297537Z", "fetched_at": "2025-07-15T23:10:50.230866+00:00", "symbol": "DOGE-USD"}, {"trade_id": 139187851, "side": "sell", "size": "13.30000000", "price": "0.19889000", "time": "2025-07-15T23:08:07.297537Z", "fetched_at": "2025-07-15T23:10:50.230866+00:00", "symbol": "DOGE-USD"}, {"trade_id": 139187850, "side": "sell", "size": "5.60000000", "price": "0.19888000", "time": "2025-07-15T23:08:07.297537Z", "fetched_at": "2025-07-15T23:10:50.230866+00:00", "symbol": "DOGE-USD"}, {"trade_id": 139187849, "side": "sell", "size": "163.10000000", "price": "0.19888000", "time": "2025-07-15T23:08:07.297537Z", "fetched_at": "2025-07-15T23:10:50.230866+00:00", "symbol": "DOGE-USD"}, {"trade_id": 139187848, "side": "sell", "size": "306.00000000", "price": "0.19888000", "time": "2025-07-15T23:08:07.297537Z", "fetched_at": "2025-07-15T23:10:50.230866+00:00", "symbol": "DOGE-USD"}, {"trade_id": 139187847, "side": "sell", "size": "1439.30000000", "price": "0.19887000", "time": "2025-07-15T23:08:07.297537Z", "fetched_at": "2025-07-15T23:10:50.230866+00:00", "symbol": "DOGE-USD"}, {"trade_id": 139187846, "side": "sell", "size": "82.90000000", "price": "0.19887000", "time": "2025-07-15T23:08:07.297537Z", "fetched_at": "2025-07-15T23:10:50.230866+00:00", "symbol": "DOGE-USD"}, {"trade_id": 139187845, "side": "sell", "size": "0.20000000", "price": "0.19887000", "time": "2025-07-15T23:08:07.297537Z", "fetched_at": "2025-07-15T23:10:50.230866+00:00", "symbol": "DOGE-USD"}, {"trade_id": 139187844, "side": "sell", "size": "241.80000000", "price": "0.19886000", "time": "2025-07-15T23:08:07.297537Z", "fetched_at": "2025-07-15T23:10:50.230866+00:00", "symbol": "DOGE-USD"}