[{"trade_id": 139202094, "side": "buy", "size": "5444.50000000", "price": "0.20128000", "time": "2025-07-16T01:23:10.276280Z", "fetched_at": "2025-07-16T01:23:25.426767+00:00", "symbol": "DOGE-USD"}, {"trade_id": 139202093, "side": "buy", "size": "5.50000000", "price": "0.20128000", "time": "2025-07-16T01:23:10.276280Z", "fetched_at": "2025-07-16T01:23:25.426767+00:00", "symbol": "DOGE-USD"}, {"trade_id": 139202092, "side": "sell", "size": "245.60000000", "price": "0.20129000", "time": "2025-07-16T01:23:10.147299Z", "fetched_at": "2025-07-16T01:23:25.426767+00:00", "symbol": "DOGE-USD"}, {"trade_id": 139202091, "side": "sell", "size": "363.40000000", "price": "0.20129000", "time": "2025-07-16T01:23:10.147299Z", "fetched_at": "2025-07-16T01:23:25.426767+00:00", "symbol": "DOGE-USD"}, {"trade_id": 139202090, "side": "sell", "size": "374.20000000", "price": "0.20129000", "time": "2025-07-16T01:23:10.147299Z", "fetched_at": "2025-07-16T01:23:25.426767+00:00", "symbol": "DOGE-USD"}, {"trade_id": 139202089, "side": "buy", "size": "5.50000000", "price": "0.20130000", "time": "2025-07-16T01:23:03.405424Z", "fetched_at": "2025-07-16T01:23:25.426767+00:00", "symbol": "DOGE-USD"}, {"trade_id": 139202088, "side": "sell", "size": "102.10000000", "price": "0.20131000", "time": "2025-07-16T01:23:03.358143Z", "fetched_at": "2025-07-16T01:23:25.426767+00:00", "symbol": "DOGE-USD"}, {"trade_id": 139202087, "side": "buy", "size": "1260.70000000", "price": "0.20132000", "time": "2025-07-16T01:23:02.847867Z", "fetched_at": "2025-07-16T01:23:25.426767+00:00", "symbol": "DOGE-USD"}, {"trade_id": 139202086, "side": "buy", "size": "5.50000000", "price": "0.20132000", "time": "2025-07-16T01:23:02.847867Z", "fetched_at": "2025-07-16T01:23:25.426767+00:00", "symbol": "DOGE-USD"}, {"trade_id": 139202085, "side": "buy", "size": "1583.20000000", "price": "0.20132000", "time": "2025-07-16T01:23:02.847867Z", "fetched_at": "2025-07-16T01:23:25.426767+00:00", "symbol": "DOGE-USD"}, {"trade_id": 139202084, "side": "buy", "size": "18002.20000000", "price": "0.20132000", "time": "2025-07-16T01:23:02.847867Z", "fetched_at": "2025-07-16T01:23:25.426767+00:00", "symbol": "DOGE-USD"}, {"trade_id": 139202083, "side": "buy", "size": "55.70000000", "price": "0.20133000", "time": "2025-07-16T01:23:02.838710Z", "fetched_at": "2025-07-16T01:23:25.426767+00:00", "symbol": "DOGE-USD"}, {"trade_id": 139202082, "side": "buy", "size": "5.50000000", "price": "0.20134000", "time": "2025-07-16T01:23:02.773486Z", "fetched_at": "2025-07-16T01:23:25.426767+00:00", "symbol": "DOGE-USD"}, {"trade_id": 139202081, "side": "buy", "size": "55.70000000", "price": "0.20136000", "time": "2025-07-16T01:23:01.926853Z", "fetched_at": "2025-07-16T01:23:25.426767+00:00", "symbol": "DOGE-USD"}, {"trade_id": 139202080, "side": "buy", "size": "5.50000000", "price": "0.20136000", "time": "2025-07-16T01:23:01.926853Z", "fetched_at": "2025-07-16T01:23:25.426767+00:00", "symbol": "DOGE-USD"}, {"trade_id": 139202079, "side": "buy", "size": "2000.00000000", "price": "0.20138000", "time": "2025-07-16T01:23:01.910086Z", "fetched_at": "2025-07-16T01:23:25.426767+00:00", "symbol": "DOGE-USD"}, {"trade_id": 139202078, "side": "sell", "size": "245.80000000", "price": "0.20139000", "time": "2025-07-16T01:23:01.202572Z", "fetched_at": "2025-07-16T01:23:25.426767+00:00", "symbol": "DOGE-USD"}, {"trade_id": 139202077, "side": "buy", "size": "55.70000000", "price": "0.20138000", "time": "2025-07-16T01:23:00.561843Z", "fetched_at": "2025-07-16T01:23:25.426767+00:00", "symbol": "DOGE-USD"}, {"trade_id": 139202076, "side": "sell", "size": "423.40000000", "price": "0.20142000", "time": "2025-07-16T01:22:57.248724Z", "fetched_at": "2025-07-16T01:23:25.426767+00:00", "symbol": "DOGE-USD"}, {"trade_id": 139202075, "side": "sell", "size": "17.20000000", "price": "0.20141000", "time": "2025-07-16T01:22:57.248724Z", "fetched_at": "2025-07-16T01:23:25.426767+00:00", "symbol": "DOGE-USD"}, {"trade_id": 139202074, "side": "sell", "size": "54.60000000", "price": "0.20141000", "time": "2025-07-16T01:22:57.248724Z", "fetched_at": "2025-07-16T01:23:25.426767+00:00", "symbol": "DOGE-USD"}, {"trade_id": 139202073, "side": "buy", "size": "217.70000000", "price": "0.20141000", "time": "2025-07-16T01:22:54.593101Z", "fetched_at": "2025-07-16T01:23:25.426767+00:00", "symbol": "DOGE-USD"}, {"trade_id": 139202072, "side": "sell", "size": "25.90000000", "price": "0.20140000", "time": "2025-07-16T01:22:54.384314Z", "fetched_at": "2025-07-16T01:23:25.426767+00:00", "symbol": "DOGE-USD"}, {"trade_id": 139202071, "side": "sell", "size": "5.50000000", "price": "0.20140000", "time": "2025-07-16T01:22:54.384314Z", "fetched_at": "2025-07-16T01:23:25.426767+00:00", "symbol": "DOGE-USD"}, {"trade_id": 139202070, "side": "sell", "size": "278.80000000", "price": "0.20140000", "time": "2025-07-16T01:22:54.384314Z", "fetched_at": "2025-07-16T01:23:25.426767+00:00", "symbol": "DOGE-USD"}, {"trade_id": 139202069, "side": "sell", "size": "17.20000000", "price": "0.20139000", "time": "2025-07-16T01:22:54.337973Z", "fetched_at": "2025-07-16T01:23:25.426767+00:00", "symbol": "DOGE-USD"}, {"trade_id": 139202068, "side": "buy", "size": "9.80000000", "price": "0.20139000", "time": "2025-07-16T01:22:49.857527Z", "fetched_at": "2025-07-16T01:23:25.426767+00:00", "symbol": "DOGE-USD"}, {"trade_id": 139202067, "side": "sell", "size": "5.50000000", "price": "0.20138000", "time": "2025-07-16T01:22:49.018707Z", "fetched_at": "2025-07-16T01:23:25.426767+00:00", "symbol": "DOGE-USD"}, {"trade_id": 139202066, "side": "sell", "size": "5.50000000", "price": "0.20136000", "time": "2025-07-16T01:22:49.000686Z", "fetched_at": "2025-07-16T01:23:25.426767+00:00", "symbol": "DOGE-USD"}, {"trade_id": 139202065, "side": "sell", "size": "2179.30000000", "price": "0.20135000", "time": "2025-07-16T01:22:48.101306Z", "fetched_at": "2025-07-16T01:23:25.426767+00:00", "symbol": "DOGE-USD"}, {"trade_id": 139202064, "side": "sell", "size": "51.60000000", "price": "0.20134000", "time": "2025-07-16T01:22:47.478468Z", "fetched_at": "2025-07-16T01:23:25.426767+00:00", "symbol": "DOGE-USD"}, {"trade_id": 139202063, "side": "sell", "size": "7.00000000", "price": "0.20134000", "time": "2025-07-16T01:22:47.433920Z", "fetched_at": "2025-07-16T01:23:25.426767+00:00", "symbol": "DOGE-USD"}, {"trade_id": 139202062, "side": "sell", "size": "34.30000000", "price": "0.20134000", "time": "2025-07-16T01:22:47.433920Z", "fetched_at": "2025-07-16T01:23:25.426767+00:00", "symbol": "DOGE-USD"}, {"trade_id": 139202061, "side": "sell", "size": "5.50000000", "price": "0.20134000", "time": "2025-07-16T01:22:47.433920Z", "fetched_at": "2025-07-16T01:23:25.426767+00:00", "symbol": "DOGE-USD"}, {"trade_id": 139202060, "side": "sell", "size": "17.20000000", "price": "0.20133000", "time": "2025-07-16T01:22:47.427700Z", "fetched_at": "2025-07-16T01:23:25.426767+00:00", "symbol": "DOGE-USD"}, {"trade_id": 139202059, "side": "sell", "size": "70.70000000", "price": "0.20133000", "time": "2025-07-16T01:22:47.045277Z", "fetched_at": "2025-07-16T01:23:25.426767+00:00", "symbol": "DOGE-USD"}, {"trade_id": 139202058, "side": "sell", "size": "5.50000000", "price": "0.20132000", "time": "2025-07-16T01:22:43.067321Z", "fetched_at": "2025-07-16T01:23:25.426767+00:00", "symbol": "DOGE-USD"}, {"trade_id": 139202057, "side": "sell", "size": "5.40000000", "price": "0.20131000", "time": "2025-07-16T01:22:42.656708Z", "fetched_at": "2025-07-16T01:23:25.426767+00:00", "symbol": "DOGE-USD"}, {"trade_id": 139202056, "side": "sell", "size": "68.70000000", "price": "0.20131000", "time": "2025-07-16T01:22:42.656708Z", "fetched_at": "2025-07-16T01:23:25.426767+00:00", "symbol": "DOGE-USD"}, {"trade_id": 139202055, "side": "sell", "size": "17.20000000", "price": "0.20131000", "time": "2025-07-16T01:22:42.656708Z", "fetched_at": "2025-07-16T01:23:25.426767+00:00", "symbol": "DOGE-USD"}, {"trade_id": 139202054, "side": "buy", "size": "98.60000000", "price": "0.20130000", "time": "2025-07-16T01:22:42.348381Z", "fetched_at": "2025-07-16T01:23:25.426767+00:00", "symbol": "DOGE-USD"}, {"trade_id": 139202053, "side": "sell", "size": "68.70000000", "price": "0.20128000", "time": "2025-07-16T01:22:41.526625Z", "fetched_at": "2025-07-16T01:23:25.426767+00:00", "symbol": "DOGE-USD"}, {"trade_id": 139202052, "side": "sell", "size": "10.90000000", "price": "0.20128000", "time": "2025-07-16T01:22:41.526625Z", "fetched_at": "2025-07-16T01:23:25.426767+00:00", "symbol": "DOGE-USD"}, {"trade_id": 139202051, "side": "sell", "size": "545.10000000", "price": "0.20128000", "time": "2025-07-16T01:22:40.206822Z", "fetched_at": "2025-07-16T01:23:25.426767+00:00", "symbol": "DOGE-USD"}, {"trade_id": 139202050, "side": "sell", "size": "68.30000000", "price": "0.20127000", "time": "2025-07-16T01:22:39.401113Z", "fetched_at": "2025-07-16T01:23:25.426767+00:00", "symbol": "DOGE-USD"}, {"trade_id": 139202049, "side": "buy", "size": "5.50000000", "price": "0.20126000", "time": "2025-07-16T01:22:38.491995Z", "fetched_at": "2025-07-16T01:23:25.426767+00:00", "symbol": "DOGE-USD"}, {"trade_id": 139202048, "side": "buy", "size": "5.50000000", "price": "0.20126000", "time": "2025-07-16T01:22:38.491995Z", "fetched_at": "2025-07-16T01:23:25.426767+00:00", "symbol": "DOGE-USD"}, {"trade_id": 139202047, "side": "sell", "size": "795.10000000", "price": "0.20127000", "time": "2025-07-16T01:22:38.385358Z", "fetched_at": "2025-07-16T01:23:25.426767+00:00", "symbol": "DOGE-USD"}, {"trade_id": 139202046, "side": "sell", "size": "48.90000000", "price": "0.20127000", "time": "2025-07-16T01:22:38.385358Z", "fetched_at": "2025-07-16T01:23:25.426767+00:00", "symbol": "DOGE-USD"}, {"trade_id": 139202045, "side": "sell", "size": "13.10000000", "price": "0.20127000", "time": "2025-07-16T01:22:38.385358Z", "fetched_at": "2025-07-16T01:23:25.426767+00:00", "symbol": "DOGE-USD"}, {"trade_id": 139202044, "side": "sell", "size": "68.10000000", "price": "0.20127000", "time": "2025-07-16T01:22:38.385358Z", "fetched_at": "2025-07-16T01:23:25.426767+00:00", "symbol": "DOGE-USD"}, {"trade_id": 139202043, "side": "sell", "size": "17.10000000", "price": "0.20127000", "time": "2025-07-16T01:22:38.385358Z", "fetched_at": "2025-07-16T01:23:25.426767+00:00", "symbol": "DOGE-USD"}, {"trade_id": 139202042, "side": "sell", "size": "0.10000000", "price": "0.20127000", "time": "2025-07-16T01:22:34.341988Z", "fetched_at": "2025-07-16T01:23:25.426767+00:00", "symbol": "DOGE-USD"}, {"trade_id": 139202041, "side": "buy", "size": "5.50000000", "price": "0.20128000", "time": "2025-07-16T01:22:31.858775Z", "fetched_at": "2025-07-16T01:23:25.426767+00:00", "symbol": "DOGE-USD"}, {"trade_id": 139202040, "side": "buy", "size": "2000.00000000", "price": "0.20130000", "time": "2025-07-16T01:22:31.460073Z", "fetched_at": "2025-07-16T01:23:25.426767+00:00", "symbol": "DOGE-USD"}, {"trade_id": 139202039, "side": "sell", "size": "13.70000000", "price": "0.20135000", "time": "2025-07-16T01:22:26.899923Z", "fetched_at": "2025-07-16T01:23:25.426767+00:00", "symbol": "DOGE-USD"}, {"trade_id": 139202038, "side": "sell", "size": "23.10000000", "price": "0.20134000", "time": "2025-07-16T01:22:26.899923Z", "fetched_at": "2025-07-16T01:23:25.426767+00:00", "symbol": "DOGE-USD"}, {"trade_id": 139202037, "side": "sell", "size": "29.30000000", "price": "0.20134000", "time": "2025-07-16T01:22:26.899923Z", "fetched_at": "2025-07-16T01:23:25.426767+00:00", "symbol": "DOGE-USD"}, {"trade_id": 139202036, "side": "sell", "size": "5.50000000", "price": "0.20134000", "time": "2025-07-16T01:22:26.899923Z", "fetched_at": "2025-07-16T01:23:25.426767+00:00", "symbol": "DOGE-USD"}, {"trade_id": 139202035, "side": "sell", "size": "38.20000000", "price": "0.20131000", "time": "2025-07-16T01:22:25.962224Z", "fetched_at": "2025-07-16T01:23:25.426767+00:00", "symbol": "DOGE-USD"}, {"trade_id": 139202034, "side": "sell", "size": "8.90000000", "price": "0.20131000", "time": "2025-07-16T01:22:25.962224Z", "fetched_at": "2025-07-16T01:23:25.426767+00:00", "symbol": "DOGE-USD"}, {"trade_id": 139202033, "side": "sell", "size": "1.50000000", "price": "0.20132000", "time": "2025-07-16T01:22:23.434214Z", "fetched_at": "2025-07-16T01:23:25.426767+00:00", "symbol": "DOGE-USD"}, {"trade_id": 139202032, "side": "sell", "size": "316.70000000", "price": "0.20131000", "time": "2025-07-16T01:22:18.919945Z", "fetched_at": "2025-07-16T01:23:25.426767+00:00", "symbol": "DOGE-USD"}, {"trade_id": 139202031, "side": "sell", "size": "2927.80000000", "price": "0.20132000", "time": "2025-07-16T01:22:17.541584Z", "fetched_at": "2025-07-16T01:23:25.426767+00:00", "symbol": "DOGE-USD"}, {"trade_id": 139202030, "side": "sell", "size": "20.10000000", "price": "0.20132000", "time": "2025-07-16T01:22:17.541584Z", "fetched_at": "2025-07-16T01:23:25.426767+00:00", "symbol": "DOGE-USD"}, {"trade_id": 139202029, "side": "sell", "size": "5.50000000", "price": "0.20132000", "time": "2025-07-16T01:22:17.541584Z", "fetched_at": "2025-07-16T01:23:25.426767+00:00", "symbol": "DOGE-USD"}, {"trade_id": 139202028, "side": "sell", "size": "63.70000000", "price": "0.20127000", "time": "2025-07-16T01:22:16.905098Z", "fetched_at": "2025-07-16T01:23:25.426767+00:00", "symbol": "DOGE-USD"}, {"trade_id": 139202027, "side": "buy", "size": "78.60000000", "price": "0.20128000", "time": "2025-07-16T01:22:11.349536Z", "fetched_at": "2025-07-16T01:23:25.426767+00:00", "symbol": "DOGE-USD"}, {"trade_id": 139202026, "side": "buy", "size": "865.70000000", "price": "0.20128000", "time": "2025-07-16T01:22:11.349536Z", "fetched_at": "2025-07-16T01:23:25.426767+00:00", "symbol": "DOGE-USD"}, {"trade_id": 139202025, "side": "buy", "size": "55.70000000", "price": "0.20129000", "time": "2025-07-16T01:22:11.349536Z", "fetched_at": "2025-07-16T01:23:25.426767+00:00", "symbol": "DOGE-USD"}, {"trade_id": 139202024, "side": "buy", "size": "999.70000000", "price": "0.20129000", "time": "2025-07-16T01:22:09.065237Z", "fetched_at": "2025-07-16T01:23:25.426767+00:00", "symbol": "DOGE-USD"}, {"trade_id": 139202023, "side": "sell", "size": "5.50000000", "price": "0.20130000", "time": "2025-07-16T01:22:07.317228Z", "fetched_at": "2025-07-16T01:23:25.426767+00:00", "symbol": "DOGE-USD"}, {"trade_id": 139202022, "side": "sell", "size": "5.80000000", "price": "0.20128000", "time": "2025-07-16T01:22:07.249747Z", "fetched_at": "2025-07-16T01:23:25.426767+00:00", "symbol": "DOGE-USD"}, {"trade_id": 139202021, "side": "sell", "size": "23.10000000", "price": "0.20128000", "time": "2025-07-16T01:22:06.457846Z", "fetched_at": "2025-07-16T01:23:25.426767+00:00", "symbol": "DOGE-USD"}, {"trade_id": 139202020, "side": "sell", "size": "5.50000000", "price": "0.20128000", "time": "2025-07-16T01:22:06.457846Z", "fetched_at": "2025-07-16T01:23:25.426767+00:00", "symbol": "DOGE-USD"}, {"trade_id": 139202019, "side": "sell", "size": "5.30000000", "price": "0.20126000", "time": "2025-07-16T01:22:06.457846Z", "fetched_at": "2025-07-16T01:23:25.426767+00:00", "symbol": "DOGE-USD"}, {"trade_id": 139202018, "side": "sell", "size": "5.50000000", "price": "0.20126000", "time": "2025-07-16T01:22:06.457846Z", "fetched_at": "2025-07-16T01:23:25.426767+00:00", "symbol": "DOGE-USD"}, {"trade_id": 139202017, "side": "sell", "size": "5.50000000", "price": "0.20124000", "time": "2025-07-16T01:22:05.746245Z", "fetched_at": "2025-07-16T01:23:25.426767+00:00", "symbol": "DOGE-USD"}, {"trade_id": 139202016, "side": "sell", "size": "5.50000000", "price": "0.20122000", "time": "2025-07-16T01:22:05.655330Z", "fetched_at": "2025-07-16T01:23:25.426767+00:00", "symbol": "DOGE-USD"}, {"trade_id": 139202015, "side": "sell", "size": "5.50000000", "price": "0.20120000", "time": "2025-07-16T01:22:05.535352Z", "fetched_at": "2025-07-16T01:23:25.426767+00:00", "symbol": "DOGE-USD"}, {"trade_id": 139202014, "side": "sell", "size": "35.30000000", "price": "0.20119000", "time": "2025-07-16T01:22:05.386772Z", "fetched_at": "2025-07-16T01:23:25.426767+00:00", "symbol": "DOGE-USD"}, {"trade_id": 139202013, "side": "sell", "size": "220.70000000", "price": "0.20119000", "time": "2025-07-16T01:22:05.372974Z", "fetched_at": "2025-07-16T01:23:25.426767+00:00", "symbol": "DOGE-USD"}, {"trade_id": 139202012, "side": "sell", "size": "2758.60000000", "price": "0.20119000", "time": "2025-07-16T01:22:05.365182Z", "fetched_at": "2025-07-16T01:23:25.426767+00:00", "symbol": "DOGE-USD"}, {"trade_id": 139202011, "side": "sell", "size": "4970.90000000", "price": "0.20119000", "time": "2025-07-16T01:22:05.365132Z", "fetched_at": "2025-07-16T01:23:25.426767+00:00", "symbol": "DOGE-USD"}, {"trade_id": 139202010, "side": "sell", "size": "3073.40000000", "price": "0.20119000", "time": "2025-07-16T01:22:05.364434Z", "fetched_at": "2025-07-16T01:23:25.426767+00:00", "symbol": "DOGE-USD"}, {"trade_id": 139202009, "side": "sell", "size": "5.50000000", "price": "0.20118000", "time": "2025-07-16T01:22:05.364434Z", "fetched_at": "2025-07-16T01:23:25.426767+00:00", "symbol": "DOGE-USD"}, {"trade_id": 139202008, "side": "sell", "size": "34.50000000", "price": "0.20116000", "time": "2025-07-16T01:22:05.296847Z", "fetched_at": "2025-07-16T01:23:25.426767+00:00", "symbol": "DOGE-USD"}, {"trade_id": 139202007, "side": "sell", "size": "5.50000000", "price": "0.20116000", "time": "2025-07-16T01:22:05.296847Z", "fetched_at": "2025-07-16T01:23:25.426767+00:00", "symbol": "DOGE-USD"}, {"trade_id": 139202006, "side": "sell", "size": "5.50000000", "price": "0.20114000", "time": "2025-07-16T01:22:04.912944Z", "fetched_at": "2025-07-16T01:23:25.426767+00:00", "symbol": "DOGE-USD"}, {"trade_id": 139202005, "side": "sell", "size": "7975.90000000", "price": "0.20113000", "time": "2025-07-16T01:22:04.790647Z", "fetched_at": "2025-07-16T01:23:25.426767+00:00", "symbol": "DOGE-USD"}, {"trade_id": 139202004, "side": "sell", "size": "2843.10000000", "price": "0.20113000", "time": "2025-07-16T01:22:04.779356Z", "fetched_at": "2025-07-16T01:23:25.426767+00:00", "symbol": "DOGE-USD"}, {"trade_id": 139202003, "side": "sell", "size": "13693.80000000", "price": "0.20113000", "time": "2025-07-16T01:22:04.767970Z", "fetched_at": "2025-07-16T01:23:25.426767+00:00", "symbol": "DOGE-USD"}, {"trade_id": 139202002, "side": "sell", "size": "8371.10000000", "price": "0.20113000", "time": "2025-07-16T01:22:04.754968Z", "fetched_at": "2025-07-16T01:23:25.426767+00:00", "symbol": "DOGE-USD"}, {"trade_id": 139202001, "side": "sell", "size": "3504.10000000", "price": "0.20113000", "time": "2025-07-16T01:22:04.753273Z", "fetched_at": "2025-07-16T01:23:25.426767+00:00", "symbol": "DOGE-USD"}, {"trade_id": 139202000, "side": "sell", "size": "32883.80000000", "price": "0.20113000", "time": "2025-07-16T01:22:04.748825Z", "fetched_at": "2025-07-16T01:23:25.426767+00:00", "symbol": "DOGE-USD"}, {"trade_id": 139201999, "side": "sell", "size": "5633.70000000", "price": "0.20113000", "time": "2025-07-16T01:22:04.741547Z", "fetched_at": "2025-07-16T01:23:25.426767+00:00", "symbol": "DOGE-USD"}, {"trade_id": 139201998, "side": "sell", "size": "5236.20000000", "price": "0.20113000", "time": "2025-07-16T01:22:04.731102Z", "fetched_at": "2025-07-16T01:23:25.426767+00:00", "symbol": "DOGE-USD"}, {"trade_id": 139201997, "side": "sell", "size": "5.50000000", "price": "0.20112000", "time": "2025-07-16T01:22:04.596742Z", "fetched_at": "2025-07-16T01:23:25.426767+00:00", "symbol": "DOGE-USD"}, {"trade_id": 139201996, "side": "sell", "size": "11.60000000", "price": "0.20110000", "time": "2025-07-16T01:22:04.575925Z", "fetched_at": "2025-07-16T01:23:25.426767+00:00", "symbol": "DOGE-USD"}, {"trade_id": 139201995, "side": "sell", "size": "5.50000000", "price": "0.20110000", "time": "2025-07-16T01:22:04.575925Z", "fetched_at": "2025-07-16T01:23:25.426767+00:00", "symbol": "DOGE-USD"}, {"trade_id": 139201994, "side": "sell", "size": "250.40000000", "price": "0.20110000", "time": "2025-07-16T01:22:04.575925Z", "fetched_at": "2025-07-16T01:23:25.426767+00:00", "symbol": "DOGE-USD"}, {"trade_id": 139201993, "side": "sell", "size": "51.80000000", "price": "0.20108000", "time": "2025-07-16T01:22:02.035910Z", "fetched_at": "2025-07-16T01:23:25.426767+00:00", "symbol": "DOGE-USD"}, {"trade_id": 139201992, "side": "sell", "size": "5.50000000", "price": "0.20108000", "time": "2025-07-16T01:22:02.035910Z", "fetched_at": "2025-07-16T01:23:25.426767+00:00", "symbol": "DOGE-USD"}, {"trade_id": 139201991, "side": "sell", "size": "11.70000000", "price": "0.20105000", "time": "2025-07-16T01:22:01.426487Z", "fetched_at": "2025-07-16T01:23:25.426767+00:00", "symbol": "DOGE-USD"}, {"trade_id": 139201990, "side": "sell", "size": "34.50000000", "price": "0.20105000", "time": "2025-07-16T01:22:01.426487Z", "fetched_at": "2025-07-16T01:23:25.426767+00:00", "symbol": "DOGE-USD"}, {"trade_id": 139201989, "side": "sell", "size": "23.90000000", "price": "0.20106000", "time": "2025-07-16T01:21:58.468890Z", "fetched_at": "2025-07-16T01:23:25.426767+00:00", "symbol": "DOGE-USD"}, {"trade_id": 139201988, "side": "sell", "size": "23.30000000", "price": "0.20105000", "time": "2025-07-16T01:21:58.468890Z", "fetched_at": "2025-07-16T01:23:25.426767+00:00", "symbol": "DOGE-USD"}, {"trade_id": 139201987, "side": "sell", "size": "1190.40000000", "price": "0.20105000", "time": "2025-07-16T01:21:58.429539Z", "fetched_at": "2025-07-16T01:23:25.426767+00:00", "symbol": "DOGE-USD"}, {"trade_id": 139201986, "side": "sell", "size": "12.10000000", "price": "0.20105000", "time": "2025-07-16T01:21:58.429539Z", "fetched_at": "2025-07-16T01:23:25.426767+00:00", "symbol": "DOGE-USD"}, {"trade_id": 139201985, "side": "sell", "size": "34.50000000", "price": "0.20105000", "time": "2025-07-16T01:21:58.429539Z", "fetched_at": "2025-07-16T01:23:25.426767+00:00", "symbol": "DOGE-USD"}, {"trade_id": 139201984, "side": "sell", "size": "54.20000000", "price": "0.20105000", "time": "2025-07-16T01:21:55.222939Z", "fetched_at": "2025-07-16T01:23:25.426767+00:00", "symbol": "DOGE-USD"}, {"trade_id": 139201983, "side": "sell", "size": "211.70000000", "price": "0.20105000", "time": "2025-07-16T01:21:55.177993Z", "fetched_at": "2025-07-16T01:23:25.426767+00:00", "symbol": "DOGE-USD"}, {"trade_id": 139201982, "side": "sell", "size": "24.10000000", "price": "0.20105000", "time": "2025-07-16T01:21:55.177993Z", "fetched_at": "2025-07-16T01:23:25.426767+00:00", "symbol": "DOGE-USD"}, {"trade_id": 139201981, "side": "buy", "size": "7473.90000000", "price": "0.20095000", "time": "2025-07-16T01:21:54.561667Z", "fetched_at": "2025-07-16T01:23:25.426767+00:00", "symbol": "DOGE-USD"}, {"trade_id": 139201980, "side": "buy", "size": "6802.00000000", "price": "0.20095000", "time": "2025-07-16T01:21:54.561667Z", "fetched_at": "2025-07-16T01:23:25.426767+00:00", "symbol": "DOGE-USD"}, {"trade_id": 139201979, "side": "buy", "size": "2890.80000000", "price": "0.20095000", "time": "2025-07-16T01:21:54.561667Z", "fetched_at": "2025-07-16T01:23:25.426767+00:00", "symbol": "DOGE-USD"}, {"trade_id": 139201978, "side": "buy", "size": "5000.00000000", "price": "0.20096000", "time": "2025-07-16T01:21:54.561667Z", "fetched_at": "2025-07-16T01:23:25.426767+00:00", "symbol": "DOGE-USD"}, {"trade_id": 139201977, "side": "buy", "size": "10000.00000000", "price": "0.20096000", "time": "2025-07-16T01:21:54.561667Z", "fetched_at": "2025-07-16T01:23:25.426767+00:00", "symbol": "DOGE-USD"}, {"trade_id": 139201976, "side": "buy", "size": "3098.60000000", "price": "0.20096000", "time": "2025-07-16T01:21:54.561667Z", "fetched_at": "2025-07-16T01:23:25.426767+00:00", "symbol": "DOGE-USD"}, {"trade_id": 139201975, "side": "buy", "size": "5.50000000", "price": "0.20096000", "time": "2025-07-16T01:21:54.561667Z", "fetched_at": "2025-07-16T01:23:25.426767+00:00", "symbol": "DOGE-USD"}, {"trade_id": 139201974, "side": "buy", "size": "4081.20000000", "price": "0.20096000", "time": "2025-07-16T01:21:54.561667Z", "fetched_at": "2025-07-16T01:23:25.426767+00:00", "symbol": "DOGE-USD"}, {"trade_id": 139201973, "side": "buy", "size": "6802.00000000", "price": "0.20096000", "time": "2025-07-16T01:21:54.561667Z", "fetched_at": "2025-07-16T01:23:25.426767+00:00", "symbol": "DOGE-USD"}, {"trade_id": 139201972, "side": "buy", "size": "6002.30000000", "price": "0.20097000", "time": "2025-07-16T01:21:54.561667Z", "fetched_at": "2025-07-16T01:23:25.426767+00:00", "symbol": "DOGE-USD"}, {"trade_id": 139201971, "side": "buy", "size": "2000.00000000", "price": "0.20097000", "time": "2025-07-16T01:21:54.561667Z", "fetched_at": "2025-07-16T01:23:25.426767+00:00", "symbol": "DOGE-USD"}, {"trade_id": 139201970, "side": "buy", "size": "5281.20000000", "price": "0.20097000", "time": "2025-07-16T01:21:54.561667Z", "fetched_at": "2025-07-16T01:23:25.426767+00:00", "symbol": "DOGE-USD"}, {"trade_id": 139201969, "side": "buy", "size": "6800.70000000", "price": "0.20098000", "time": "2025-07-16T01:21:54.561667Z", "fetched_at": "2025-07-16T01:23:25.426767+00:00", "symbol": "DOGE-USD"}, {"trade_id": 139201968, "side": "buy", "size": "5.50000000", "price": "0.20098000", "time": "2025-07-16T01:21:54.561667Z", "fetched_at": "2025-07-16T01:23:25.426767+00:00", "symbol": "DOGE-USD"}, {"trade_id": 139201967, "side": "buy", "size": "1593.00000000", "price": "0.20098000", "time": "2025-07-16T01:21:54.561667Z", "fetched_at": "2025-07-16T01:23:25.426767+00:00", "symbol": "DOGE-USD"}, {"trade_id": 139201966, "side": "buy", "size": "3326.10000000", "price": "0.20099000", "time": "2025-07-16T01:21:54.561667Z", "fetched_at": "2025-07-16T01:23:25.426767+00:00", "symbol": "DOGE-USD"}, {"trade_id": 139201965, "side": "buy", "size": "1330.90000000", "price": "0.20100000", "time": "2025-07-16T01:21:54.561667Z", "fetched_at": "2025-07-16T01:23:25.426767+00:00", "symbol": "DOGE-USD"}, {"trade_id": 139201964, "side": "buy", "size": "3945.20000000", "price": "0.20100000", "time": "2025-07-16T01:21:54.561667Z", "fetched_at": "2025-07-16T01:23:25.426767+00:00", "symbol": "DOGE-USD"}, {"trade_id": 139201963, "side": "buy", "size": "5.50000000", "price": "0.20100000", "time": "2025-07-16T01:21:54.561667Z", "fetched_at": "2025-07-16T01:23:25.426767+00:00", "symbol": "DOGE-USD"}, {"trade_id": 139201962, "side": "buy", "size": "1369.00000000", "price": "0.20100000", "time": "2025-07-16T01:21:54.561667Z", "fetched_at": "2025-07-16T01:23:25.426767+00:00", "symbol": "DOGE-USD"}, {"trade_id": 139201961, "side": "buy", "size": "1870.10000000", "price": "0.20101000", "time": "2025-07-16T01:21:54.561667Z", "fetched_at": "2025-07-16T01:23:25.426767+00:00", "symbol": "DOGE-USD"}, {"trade_id": 139201960, "side": "buy", "size": "3191.80000000", "price": "0.20101000", "time": "2025-07-16T01:21:54.561667Z", "fetched_at": "2025-07-16T01:23:25.426767+00:00", "symbol": "DOGE-USD"}, {"trade_id": 139201959, "side": "buy", "size": "1593.00000000", "price": "0.20101000", "time": "2025-07-16T01:21:54.561667Z", "fetched_at": "2025-07-16T01:23:25.426767+00:00", "symbol": "DOGE-USD"}, {"trade_id": 139201958, "side": "buy", "size": "2077.90000000", "price": "0.20102000", "time": "2025-07-16T01:21:54.561667Z", "fetched_at": "2025-07-16T01:23:25.426767+00:00", "symbol": "DOGE-USD"}, {"trade_id": 139201957, "side": "buy", "size": "865.70000000", "price": "0.20102000", "time": "2025-07-16T01:21:54.561667Z", "fetched_at": "2025-07-16T01:23:25.426767+00:00", "symbol": "DOGE-USD"}, {"trade_id": 139201956, "side": "buy", "size": "865.70000000", "price": "0.20102000", "time": "2025-07-16T01:21:54.561667Z", "fetched_at": "2025-07-16T01:23:25.426767+00:00", "symbol": "DOGE-USD"}, {"trade_id": 139201955, "side": "buy", "size": "4974.60000000", "price": "0.20102000", "time": "2025-07-16T01:21:54.561667Z", "fetched_at": "2025-07-16T01:23:25.426767+00:00", "symbol": "DOGE-USD"}, {"trade_id": 139201954, "side": "buy", "size": "5.50000000", "price": "0.20102000", "time": "2025-07-16T01:21:54.561667Z", "fetched_at": "2025-07-16T01:23:25.426767+00:00", "symbol": "DOGE-USD"}, {"trade_id": 139201953, "side": "buy", "size": "1430.70000000", "price": "0.20103000", "time": "2025-07-16T01:21:54.561667Z", "fetched_at": "2025-07-16T01:23:25.426767+00:00", "symbol": "DOGE-USD"}, {"trade_id": 139201952, "side": "buy", "size": "3927.50000000", "price": "0.20103000", "time": "2025-07-16T01:21:54.561667Z", "fetched_at": "2025-07-16T01:23:25.426767+00:00", "symbol": "DOGE-USD"}, {"trade_id": 139201951, "side": "buy", "size": "700.00000000", "price": "0.20104000", "time": "2025-07-16T01:21:54.561667Z", "fetched_at": "2025-07-16T01:23:25.426767+00:00", "symbol": "DOGE-USD"}, {"trade_id": 139201950, "side": "buy", "size": "1442.00000000", "price": "0.20104000", "time": "2025-07-16T01:21:54.561667Z", "fetched_at": "2025-07-16T01:23:25.426767+00:00", "symbol": "DOGE-USD"}, {"trade_id": 139201949, "side": "buy", "size": "55.80000000", "price": "0.20104000", "time": "2025-07-16T01:21:54.561667Z", "fetched_at": "2025-07-16T01:23:25.426767+00:00", "symbol": "DOGE-USD"}, {"trade_id": 139201948, "side": "sell", "size": "5.20000000", "price": "0.20107000", "time": "2025-07-16T01:21:53.424733Z", "fetched_at": "2025-07-16T01:23:25.426767+00:00", "symbol": "DOGE-USD"}, {"trade_id": 139201947, "side": "sell", "size": "13.70000000", "price": "0.20105000", "time": "2025-07-16T01:21:53.424733Z", "fetched_at": "2025-07-16T01:23:25.426767+00:00", "symbol": "DOGE-USD"}, {"trade_id": 139201946, "side": "sell", "size": "38.00000000", "price": "0.20106000", "time": "2025-07-16T01:21:49.897644Z", "fetched_at": "2025-07-16T01:23:25.426767+00:00", "symbol": "DOGE-USD"}, {"trade_id": 139201945, "side": "sell", "size": "5.50000000", "price": "0.20106000", "time": "2025-07-16T01:21:49.897644Z", "fetched_at": "2025-07-16T01:23:25.426767+00:00", "symbol": "DOGE-USD"}, {"trade_id": 139201944, "side": "sell", "size": "27.50000000", "price": "0.20105000", "time": "2025-07-16T01:21:49.829464Z", "fetched_at": "2025-07-16T01:23:25.426767+00:00", "symbol": "DOGE-USD"}, {"trade_id": 139201943, "side": "sell", "size": "4490.40000000", "price": "0.20105000", "time": "2025-07-16T01:21:49.829464Z", "fetched_at": "2025-07-16T01:23:25.426767+00:00", "symbol": "DOGE-USD"}, {"trade_id": 139201942, "side": "sell", "size": "2931.60000000", "price": "0.20104000", "time": "2025-07-16T01:21:49.705867Z", "fetched_at": "2025-07-16T01:23:25.426767+00:00", "symbol": "DOGE-USD"}, {"trade_id": 139201941, "side": "sell", "size": "240.80000000", "price": "0.20105000", "time": "2025-07-16T01:21:48.887148Z", "fetched_at": "2025-07-16T01:23:25.426767+00:00", "symbol": "DOGE-USD"}, {"trade_id": 139201940, "side": "sell", "size": "5.50000000", "price": "0.20104000", "time": "2025-07-16T01:21:48.887148Z", "fetched_at": "2025-07-16T01:23:25.426767+00:00", "symbol": "DOGE-USD"}, {"trade_id": 139201939, "side": "sell", "size": "37.60000000", "price": "0.20099000", "time": "2025-07-16T01:21:47.455995Z", "fetched_at": "2025-07-16T01:23:25.426767+00:00", "symbol": "DOGE-USD"}, {"trade_id": 139201938, "side": "sell", "size": "17.20000000", "price": "0.20099000", "time": "2025-07-16T01:21:47.455995Z", "fetched_at": "2025-07-16T01:23:25.426767+00:00", "symbol": "DOGE-USD"}, {"trade_id": 139201937, "side": "sell", "size": "587.20000000", "price": "0.20096000", "time": "2025-07-16T01:21:45.739158Z", "fetched_at": "2025-07-16T01:23:25.426767+00:00", "symbol": "DOGE-USD"}, {"trade_id": 139201936, "side": "sell", "size": "374.20000000", "price": "0.20094000", "time": "2025-07-16T01:21:45.739158Z", "fetched_at": "2025-07-16T01:23:25.426767+00:00", "symbol": "DOGE-USD"}, {"trade_id": 139201935, "side": "buy", "size": "5.50000000", "price": "0.20094000", "time": "2025-07-16T01:21:42.499048Z", "fetched_at": "2025-07-16T01:23:25.426767+00:00", "symbol": "DOGE-USD"}, {"trade_id": 139201934, "side": "buy", "size": "55.80000000", "price": "0.20095000", "time": "2025-07-16T01:21:42.499048Z", "fetched_at": "2025-07-16T01:23:25.426767+00:00", "symbol": "DOGE-USD"}, {"trade_id": 139201933, "side": "buy", "size": "5.50000000", "price": "0.20096000", "time": "2025-07-16T01:21:42.499048Z", "fetched_at": "2025-07-16T01:23:25.426767+00:00", "symbol": "DOGE-USD"}, {"trade_id": 139201932, "side": "buy", "size": "5.50000000", "price": "0.20098000", "time": "2025-07-16T01:21:41.942359Z", "fetched_at": "2025-07-16T01:23:25.426767+00:00", "symbol": "DOGE-USD"}, {"trade_id": 139201931, "side": "buy", "size": "55.80000000", "price": "0.20100000", "time": "2025-07-16T01:21:41.773915Z", "fetched_at": "2025-07-16T01:23:25.426767+00:00", "symbol": "DOGE-USD"}, {"trade_id": 139201930, "side": "buy", "size": "5.50000000", "price": "0.20100000", "time": "2025-07-16T01:21:41.773915Z", "fetched_at": "2025-07-16T01:23:25.426767+00:00", "symbol": "DOGE-USD"}, {"trade_id": 139201929, "side": "buy", "size": "322.40000000", "price": "0.20105000", "time": "2025-07-16T01:21:35.625882Z", "fetched_at": "2025-07-16T01:23:25.426767+00:00", "symbol": "DOGE-USD"}, {"trade_id": 139201928, "side": "sell", "size": "5.50000000", "price": "0.20104000", "time": "2025-07-16T01:21:34.874332Z", "fetched_at": "2025-07-16T01:23:25.426767+00:00", "symbol": "DOGE-USD"}, {"trade_id": 139201927, "side": "sell", "size": "99.00000000", "price": "0.20103000", "time": "2025-07-16T01:21:34.870584Z", "fetched_at": "2025-07-16T01:23:25.426767+00:00", "symbol": "DOGE-USD"}, {"trade_id": 139201926, "side": "sell", "size": "10.20000000", "price": "0.20103000", "time": "2025-07-16T01:21:34.870584Z", "fetched_at": "2025-07-16T01:23:25.426767+00:00", "symbol": "DOGE-USD"}, {"trade_id": 139201925, "side": "sell", "size": "26.40000000", "price": "0.20103000", "time": "2025-07-16T01:21:34.870584Z", "fetched_at": "2025-07-16T01:23:25.426767+00:00", "symbol": "DOGE-USD"}, {"trade_id": 139201924, "side": "sell", "size": "11.30000000", "price": "0.20102000", "time": "2025-07-16T01:21:31.718241Z", "fetched_at": "2025-07-16T01:23:25.426767+00:00", "symbol": "DOGE-USD"}, {"trade_id": 139201923, "side": "sell", "size": "44.10000000", "price": "0.20102000", "time": "2025-07-16T01:21:31.718241Z", "fetched_at": "2025-07-16T01:23:25.426767+00:00", "symbol": "DOGE-USD"}, {"trade_id": 139201922, "side": "sell", "size": "5.50000000", "price": "0.20102000", "time": "2025-07-16T01:21:31.718241Z", "fetched_at": "2025-07-16T01:23:25.426767+00:00", "symbol": "DOGE-USD"}, {"trade_id": 139201921, "side": "sell", "size": "5.50000000", "price": "0.20100000", "time": "2025-07-16T01:21:29.478279Z", "fetched_at": "2025-07-16T01:23:25.426767+00:00", "symbol": "DOGE-USD"}, {"trade_id": 139201920, "side": "sell", "size": "6.40000000", "price": "0.20100000", "time": "2025-07-16T01:21:29.478279Z", "fetched_at": "2025-07-16T01:23:25.426767+00:00", "symbol": "DOGE-USD"}, {"trade_id": 139201919, "side": "sell", "size": "34.50000000", "price": "0.20100000", "time": "2025-07-16T01:21:29.478279Z", "fetched_at": "2025-07-16T01:23:25.426767+00:00", "symbol": "DOGE-USD"}, {"trade_id": 139201918, "side": "sell", "size": "5.50000000", "price": "0.20098000", "time": "2025-07-16T01:21:29.411567Z", "fetched_at": "2025-07-16T01:23:25.426767+00:00", "symbol": "DOGE-USD"}, {"trade_id": 139201917, "side": "sell", "size": "20.30000000", "price": "0.20095000", "time": "2025-07-16T01:21:28.871531Z", "fetched_at": "2025-07-16T01:23:25.426767+00:00", "symbol": "DOGE-USD"}, {"trade_id": 139201916, "side": "sell", "size": "14.50000000", "price": "0.20095000", "time": "2025-07-16T01:21:26.258039Z", "fetched_at": "2025-07-16T01:23:25.426767+00:00", "symbol": "DOGE-USD"}, {"trade_id": 139201915, "side": "buy", "size": "0.90000000", "price": "0.20090000", "time": "2025-07-16T01:21:21.645707Z", "fetched_at": "2025-07-16T01:23:25.426767+00:00", "symbol": "DOGE-USD"}, {"trade_id": 139201914, "side": "buy", "size": "866.30000000", "price": "0.20092000", "time": "2025-07-16T01:21:20.725926Z", "fetched_at": "2025-07-16T01:23:25.426767+00:00", "symbol": "DOGE-USD"}, {"trade_id": 139201913, "side": "buy", "size": "5.50000000", "price": "0.20092000", "time": "2025-07-16T01:21:20.725926Z", "fetched_at": "2025-07-16T01:23:25.426767+00:00", "symbol": "DOGE-USD"}, {"trade_id": 139201912, "side": "buy", "size": "5.50000000", "price": "0.20094000", "time": "2025-07-16T01:21:20.718433Z", "fetched_at": "2025-07-16T01:23:25.426767+00:00", "symbol": "DOGE-USD"}, {"trade_id": 139201911, "side": "sell", "size": "145.30000000", "price": "0.20095000", "time": "2025-07-16T01:21:17.211357Z", "fetched_at": "2025-07-16T01:23:25.426767+00:00", "symbol": "DOGE-USD"}, {"trade_id": 139201910, "side": "sell", "size": "63.50000000", "price": "0.20096000", "time": "2025-07-16T01:21:16.055137Z", "fetched_at": "2025-07-16T01:23:25.426767+00:00", "symbol": "DOGE-USD"}, {"trade_id": 139201909, "side": "sell", "size": "35.00000000", "price": "0.20096000", "time": "2025-07-16T01:21:16.055137Z", "fetched_at": "2025-07-16T01:23:25.426767+00:00", "symbol": "DOGE-USD"}, {"trade_id": 139201908, "side": "buy", "size": "1329.90000000", "price": "0.20096000", "time": "2025-07-16T01:21:12.186916Z", "fetched_at": "2025-07-16T01:23:25.426767+00:00", "symbol": "DOGE-USD"}, {"trade_id": 139201907, "side": "buy", "size": "55.80000000", "price": "0.20097000", "time": "2025-07-16T01:21:12.186916Z", "fetched_at": "2025-07-16T01:23:25.426767+00:00", "symbol": "DOGE-USD"}, {"trade_id": 139201906, "side": "sell", "size": "137.10000000", "price": "0.20098000", "time": "2025-07-16T01:21:11.315819Z", "fetched_at": "2025-07-16T01:23:25.426767+00:00", "symbol": "DOGE-USD"}, {"trade_id": 139201905, "side": "sell", "size": "35.40000000", "price": "0.20098000", "time": "2025-07-16T01:21:11.315819Z", "fetched_at": "2025-07-16T01:23:25.426767+00:00", "symbol": "DOGE-USD"}, {"trade_id": 139201904, "side": "sell", "size": "1930.70000000", "price": "0.20102000", "time": "2025-07-16T01:21:08.819708Z", "fetched_at": "2025-07-16T01:23:25.426767+00:00", "symbol": "DOGE-USD"}, {"trade_id": 139201903, "side": "sell", "size": "1593.00000000", "price": "0.20102000", "time": "2025-07-16T01:21:08.819708Z", "fetched_at": "2025-07-16T01:23:25.426767+00:00", "symbol": "DOGE-USD"}, {"trade_id": 139201902, "side": "sell", "size": "500.00000000", "price": "0.20102000", "time": "2025-07-16T01:21:08.819708Z", "fetched_at": "2025-07-16T01:23:25.426767+00:00", "symbol": "DOGE-USD"}, {"trade_id": 139201901, "side": "sell", "size": "55.80000000", "price": "0.20101000", "time": "2025-07-16T01:21:08.819708Z", "fetched_at": "2025-07-16T01:23:25.426767+00:00", "symbol": "DOGE-USD"}, {"trade_id": 139201900, "side": "sell", "size": "500.00000000", "price": "0.20101000", "time": "2025-07-16T01:21:08.819708Z", "fetched_at": "2025-07-16T01:23:25.426767+00:00", "symbol": "DOGE-USD"}, {"trade_id": 139201899, "side": "sell", "size": "28.30000000", "price": "0.20100000", "time": "2025-07-16T01:21:08.819708Z", "fetched_at": "2025-07-16T01:23:25.426767+00:00", "symbol": "DOGE-USD"}, {"trade_id": 139201898, "side": "sell", "size": "157.20000000", "price": "0.20100000", "time": "2025-07-16T01:21:08.819708Z", "fetched_at": "2025-07-16T01:23:25.426767+00:00", "symbol": "DOGE-USD"}, {"trade_id": 139201897, "side": "sell", "size": "70.80000000", "price": "0.20098000", "time": "2025-07-16T01:21:08.819708Z", "fetched_at": "2025-07-16T01:23:25.426767+00:00", "symbol": "DOGE-USD"}, {"trade_id": 139201896, "side": "sell", "size": "300.00000000", "price": "0.20098000", "time": "2025-07-16T01:21:07.703119Z", "fetched_at": "2025-07-16T01:23:25.426767+00:00", "symbol": "DOGE-USD"}, {"trade_id": 139201895, "side": "sell", "size": "1424.00000000", "price": "0.20093000", "time": "2025-07-16T01:21:06.739445Z", "fetched_at": "2025-07-16T01:23:25.426767+00:00", "symbol": "DOGE-USD"}, {"trade_id": 139201894, "side": "sell", "size": "2500.00000000", "price": "0.20101000", "time": "2025-07-16T01:21:06.736032Z", "fetched_at": "2025-07-16T01:23:25.426767+00:00", "symbol": "DOGE-USD"}, {"trade_id": 139201893, "side": "sell", "size": "1345.50000000", "price": "0.20101000", "time": "2025-07-16T01:21:06.736032Z", "fetched_at": "2025-07-16T01:23:25.426767+00:00", "symbol": "DOGE-USD"}, {"trade_id": 139201892, "side": "sell", "size": "15265.20000000", "price": "0.20101000", "time": "2025-07-16T01:21:06.736032Z", "fetched_at": "2025-07-16T01:23:25.426767+00:00", "symbol": "DOGE-USD"}, {"trade_id": 139201891, "side": "sell", "size": "1882.80000000", "price": "0.20100000", "time": "2025-07-16T01:21:06.736032Z", "fetched_at": "2025-07-16T01:23:25.426767+00:00", "symbol": "DOGE-USD"}, {"trade_id": 139201890, "side": "sell", "size": "5188.70000000", "price": "0.20100000", "time": "2025-07-16T01:21:06.736032Z", "fetched_at": "2025-07-16T01:23:25.426767+00:00", "symbol": "DOGE-USD"}, {"trade_id": 139201889, "side": "sell", "size": "1593.00000000", "price": "0.20100000", "time": "2025-07-16T01:21:06.736032Z", "fetched_at": "2025-07-16T01:23:25.426767+00:00", "symbol": "DOGE-USD"}, {"trade_id": 139201888, "side": "sell", "size": "12.70000000", "price": "0.20100000", "time": "2025-07-16T01:21:06.736032Z", "fetched_at": "2025-07-16T01:23:25.426767+00:00", "symbol": "DOGE-USD"}, {"trade_id": 139201887, "side": "sell", "size": "69.10000000", "price": "0.20100000", "time": "2025-07-16T01:21:06.736032Z", "fetched_at": "2025-07-16T01:23:25.426767+00:00", "symbol": "DOGE-USD"}, {"trade_id": 139201886, "side": "sell", "size": "15.50000000", "price": "0.20099000", "time": "2025-07-16T01:21:06.736032Z", "fetched_at": "2025-07-16T01:23:25.426767+00:00", "symbol": "DOGE-USD"}, {"trade_id": 139201885, "side": "sell", "size": "3941.10000000", "price": "0.20097000", "time": "2025-07-16T01:21:06.735168Z", "fetched_at": "2025-07-16T01:23:25.426767+00:00", "symbol": "DOGE-USD"}, {"trade_id": 139201884, "side": "sell", "size": "500.00000000", "price": "0.20097000", "time": "2025-07-16T01:21:06.735168Z", "fetched_at": "2025-07-16T01:23:25.426767+00:00", "symbol": "DOGE-USD"}, {"trade_id": 139201883, "side": "sell", "size": "1593.00000000", "price": "0.20097000", "time": "2025-07-16T01:21:06.735168Z", "fetched_at": "2025-07-16T01:23:25.426767+00:00", "symbol": "DOGE-USD"}, {"trade_id": 139201882, "side": "sell", "size": "500.00000000", "price": "0.20096000", "time": "2025-07-16T01:21:06.735168Z", "fetched_at": "2025-07-16T01:23:25.426767+00:00", "symbol": "DOGE-USD"}, {"trade_id": 139201881, "side": "sell", "size": "55.80000000", "price": "0.20096000", "time": "2025-07-16T01:21:06.735168Z", "fetched_at": "2025-07-16T01:23:25.426767+00:00", "symbol": "DOGE-USD"}, {"trade_id": 139201880, "side": "sell", "size": "277.20000000", "price": "0.20095000", "time": "2025-07-16T01:21:06.735168Z", "fetched_at": "2025-07-16T01:23:25.426767+00:00", "symbol": "DOGE-USD"}, {"trade_id": 139201879, "side": "sell", "size": "422.80000000", "price": "0.20095000", "time": "2025-07-16T01:21:06.734556Z", "fetched_at": "2025-07-16T01:23:25.426767+00:00", "symbol": "DOGE-USD"}, {"trade_id": 139201878, "side": "sell", "size": "277.20000000", "price": "0.20093000", "time": "2025-07-16T01:21:06.734556Z", "fetched_at": "2025-07-16T01:23:25.426767+00:00", "symbol": "DOGE-USD"}, {"trade_id": 139201877, "side": "sell", "size": "1074.60000000", "price": "0.20098000", "time": "2025-07-16T01:21:05.162583Z", "fetched_at": "2025-07-16T01:23:25.426767+00:00", "symbol": "DOGE-USD"}, {"trade_id": 139201876, "side": "sell", "size": "37.90000000", "price": "0.20098000", "time": "2025-07-16T01:21:05.162583Z", "fetched_at": "2025-07-16T01:23:25.426767+00:00", "symbol": "DOGE-USD"}, {"trade_id": 139201875, "side": "sell", "size": "374.20000000", "price": "0.20097000", "time": "2025-07-16T01:21:05.162583Z", "fetched_at": "2025-07-16T01:23:25.426767+00:00", "symbol": "DOGE-USD"}, {"trade_id": 139201874, "side": "buy", "size": "5.50000000", "price": "0.20094000", "time": "2025-07-16T01:21:04.142130Z", "fetched_at": "2025-07-16T01:23:25.426767+00:00", "symbol": "DOGE-USD"}, {"trade_id": 139201873, "side": "buy", "size": "9934.40000000", "price": "0.20094000", "time": "2025-07-16T01:21:04.142130Z", "fetched_at": "2025-07-16T01:23:25.426767+00:00", "symbol": "DOGE-USD"}, {"trade_id": 139201872, "side": "buy", "size": "1850.10000000", "price": "0.20095000", "time": "2025-07-16T01:21:03.931828Z", "fetched_at": "2025-07-16T01:23:25.426767+00:00", "symbol": "DOGE-USD"}, {"trade_id": 139201871, "side": "buy", "size": "55.80000000", "price": "0.20096000", "time": "2025-07-16T01:21:03.931828Z", "fetched_at": "2025-07-16T01:23:25.426767+00:00", "symbol": "DOGE-USD"}, {"trade_id": 139201870, "side": "sell", "size": "8.50000000", "price": "0.20098000", "time": "2025-07-16T01:20:59.089588Z", "fetched_at": "2025-07-16T01:23:25.426767+00:00", "symbol": "DOGE-USD"}, {"trade_id": 139201869, "side": "sell", "size": "39.50000000", "price": "0.20097000", "time": "2025-07-16T01:20:59.089588Z", "fetched_at": "2025-07-16T01:23:25.426767+00:00", "symbol": "DOGE-USD"}, {"trade_id": 139201868, "side": "buy", "size": "8208.40000000", "price": "0.20094000", "time": "2025-07-16T01:20:55.990206Z", "fetched_at": "2025-07-16T01:23:25.426767+00:00", "symbol": "DOGE-USD"}, {"trade_id": 139201867, "side": "buy", "size": "5.50000000", "price": "0.20094000", "time": "2025-07-16T01:20:55.990206Z", "fetched_at": "2025-07-16T01:23:25.426767+00:00", "symbol": "DOGE-USD"}, {"trade_id": 139201866, "side": "buy", "size": "55.80000000", "price": "0.20095000", "time": "2025-07-16T01:20:55.990206Z", "fetched_at": "2025-07-16T01:23:25.426767+00:00", "symbol": "DOGE-USD"}, {"trade_id": 139201865, "side": "buy", "size": "700.00000000", "price": "0.20095000", "time": "2025-07-16T01:20:55.990206Z", "fetched_at": "2025-07-16T01:23:25.426767+00:00", "symbol": "DOGE-USD"}, {"trade_id": 139201864, "side": "sell", "size": "179.10000000", "price": "0.20098000", "time": "2025-07-16T01:20:52.592536Z", "fetched_at": "2025-07-16T01:23:25.426767+00:00", "symbol": "DOGE-USD"}, {"trade_id": 139201863, "side": "sell", "size": "20.70000000", "price": "0.20097000", "time": "2025-07-16T01:20:52.592536Z", "fetched_at": "2025-07-16T01:23:25.426767+00:00", "symbol": "DOGE-USD"}, {"trade_id": 139201862, "side": "sell", "size": "42.00000000", "price": "0.20096000", "time": "2025-07-16T01:20:52.592536Z", "fetched_at": "2025-07-16T01:23:25.426767+00:00", "symbol": "DOGE-USD"}, {"trade_id": 139201861, "side": "buy", "size": "73.90000000", "price": "0.20093000", "time": "2025-07-16T01:20:46.438980Z", "fetched_at": "2025-07-16T01:23:25.426767+00:00", "symbol": "DOGE-USD"}, {"trade_id": 139201860, "side": "sell", "size": "142.90000000", "price": "0.20098000", "time": "2025-07-16T01:20:42.076404Z", "fetched_at": "2025-07-16T01:23:25.426767+00:00", "symbol": "DOGE-USD"}, {"trade_id": 139201859, "side": "sell", "size": "1593.00000000", "price": "0.20098000", "time": "2025-07-16T01:20:42.076404Z", "fetched_at": "2025-07-16T01:23:25.426767+00:00", "symbol": "DOGE-USD"}, {"trade_id": 139201858, "side": "sell", "size": "55.80000000", "price": "0.20097000", "time": "2025-07-16T01:20:42.076404Z", "fetched_at": "2025-07-16T01:23:25.426767+00:00", "symbol": "DOGE-USD"}, {"trade_id": 139201857, "side": "sell", "size": "1620.90000000", "price": "0.20095000", "time": "2025-07-16T01:20:42.076404Z", "fetched_at": "2025-07-16T01:23:25.426767+00:00", "symbol": "DOGE-USD"}, {"trade_id": 139201856, "side": "sell", "size": "1422.20000000", "price": "0.20095000", "time": "2025-07-16T01:20:42.076404Z", "fetched_at": "2025-07-16T01:23:25.426767+00:00", "symbol": "DOGE-USD"}, {"trade_id": 139201855, "side": "buy", "size": "226.30000000", "price": "0.20097000", "time": "2025-07-16T01:20:35.539495Z", "fetched_at": "2025-07-16T01:23:25.426767+00:00", "symbol": "DOGE-USD"}, {"trade_id": 139201854, "side": "buy", "size": "192.80000000", "price": "0.20096000", "time": "2025-07-16T01:20:35.168015Z", "fetched_at": "2025-07-16T01:23:25.426767+00:00", "symbol": "DOGE-USD"}, {"trade_id": 139201853, "side": "buy", "size": "277.20000000", "price": "0.20096000", "time": "2025-07-16T01:20:35.168015Z", "fetched_at": "2025-07-16T01:23:25.426767+00:00", "symbol": "DOGE-USD"}, {"trade_id": 139201852, "side": "sell", "size": "50.00000000", "price": "0.20096000", "time": "2025-07-16T01:20:34.999713Z", "fetched_at": "2025-07-16T01:23:25.426767+00:00", "symbol": "DOGE-USD"}, {"trade_id": 139201851, "side": "sell", "size": "441.10000000", "price": "0.20097000", "time": "2025-07-16T01:20:34.345452Z", "fetched_at": "2025-07-16T01:23:25.426767+00:00", "symbol": "DOGE-USD"}, {"trade_id": 139201850, "side": "sell", "size": "98.40000000", "price": "0.20097000", "time": "2025-07-16T01:20:33.367872Z", "fetched_at": "2025-07-16T01:23:25.426767+00:00", "symbol": "DOGE-USD"}, {"trade_id": 139201849, "side": "sell", "size": "98.50000000", "price": "0.20096000", "time": "2025-07-16T01:20:30.370812Z", "fetched_at": "2025-07-16T01:23:25.426767+00:00", "symbol": "DOGE-USD"}, {"trade_id": 139201848, "side": "buy", "size": "277.20000000", "price": "0.20088000", "time": "2025-07-16T01:20:29.048176Z", "fetched_at": "2025-07-16T01:23:25.426767+00:00", "symbol": "DOGE-USD"}, {"trade_id": 139201847, "side": "sell", "size": "98.40000000", "price": "0.20090000", "time": "2025-07-16T01:20:28.318887Z", "fetched_at": "2025-07-16T01:23:25.426767+00:00", "symbol": "DOGE-USD"}, {"trade_id": 139201846, "side": "sell", "size": "17.30000000", "price": "0.20089000", "time": "2025-07-16T01:20:28.318887Z", "fetched_at": "2025-07-16T01:23:25.426767+00:00", "symbol": "DOGE-USD"}, {"trade_id": 139201845, "side": "sell", "size": "374.20000000", "price": "0.20088000", "time": "2025-07-16T01:20:28.318887Z", "fetched_at": "2025-07-16T01:23:25.426767+00:00", "symbol": "DOGE-USD"}, {"trade_id": 139201844, "side": "sell", "size": "17.30000000", "price": "0.20083000", "time": "2025-07-16T01:20:25.501611Z", "fetched_at": "2025-07-16T01:23:25.426767+00:00", "symbol": "DOGE-USD"}, {"trade_id": 139201843, "side": "sell", "size": "592.90000000", "price": "0.20083000", "time": "2025-07-16T01:20:24.578385Z", "fetched_at": "2025-07-16T01:23:25.426767+00:00", "symbol": "DOGE-USD"}, {"trade_id": 139201842, "side": "sell", "size": "374.20000000", "price": "0.20083000", "time": "2025-07-16T01:20:24.578385Z", "fetched_at": "2025-07-16T01:23:25.426767+00:00", "symbol": "DOGE-USD"}, {"trade_id": 139201841, "side": "buy", "size": "5.50000000", "price": "0.20084000", "time": "2025-07-16T01:20:24.021839Z", "fetched_at": "2025-07-16T01:23:25.426767+00:00", "symbol": "DOGE-USD"}, {"trade_id": 139201840, "side": "sell", "size": "93.70000000", "price": "0.20086000", "time": "2025-07-16T01:20:23.459028Z", "fetched_at": "2025-07-16T01:23:25.426767+00:00", "symbol": "DOGE-USD"}, {"trade_id": 139201839, "side": "sell", "size": "374.20000000", "price": "0.20085000", "time": "2025-07-16T01:20:23.459028Z", "fetched_at": "2025-07-16T01:23:25.426767+00:00", "symbol": "DOGE-USD"}, {"trade_id": 139201838, "side": "buy", "size": "26.60000000", "price": "0.20085000", "time": "2025-07-16T01:20:22.266327Z", "fetched_at": "2025-07-16T01:23:25.426767+00:00", "symbol": "DOGE-USD"}, {"trade_id": 139201837, "side": "sell", "size": "31365.90000000", "price": "0.20100000", "time": "2025-07-16T01:20:22.247271Z", "fetched_at": "2025-07-16T01:23:25.426767+00:00", "symbol": "DOGE-USD"}, {"trade_id": 139201836, "side": "sell", "size": "106.50000000", "price": "0.20100000", "time": "2025-07-16T01:20:22.247271Z", "fetched_at": "2025-07-16T01:23:25.426767+00:00", "symbol": "DOGE-USD"}, {"trade_id": 139201835, "side": "sell", "size": "6802.90000000", "price": "0.20100000", "time": "2025-07-16T01:20:22.247271Z", "fetched_at": "2025-07-16T01:23:25.426767+00:00", "symbol": "DOGE-USD"}, {"trade_id": 139201834, "side": "sell", "size": "1593.00000000", "price": "0.20100000", "time": "2025-07-16T01:20:22.247271Z", "fetched_at": "2025-07-16T01:23:25.426767+00:00", "symbol": "DOGE-USD"}, {"trade_id": 139201833, "side": "sell", "size": "358.60000000", "price": "0.20100000", "time": "2025-07-16T01:20:22.247271Z", "fetched_at": "2025-07-16T01:23:25.426767+00:00", "symbol": "DOGE-USD"}, {"trade_id": 139201832, "side": "sell", "size": "82.30000000", "price": "0.20100000", "time": "2025-07-16T01:20:22.247271Z", "fetched_at": "2025-07-16T01:23:25.426767+00:00", "symbol": "DOGE-USD"}, {"trade_id": 139201831, "side": "sell", "size": "37.00000000", "price": "0.20100000", "time": "2025-07-16T01:20:22.247271Z", "fetched_at": "2025-07-16T01:23:25.426767+00:00", "symbol": "DOGE-USD"}, {"trade_id": 139201830, "side": "sell", "size": "47386.60000000", "price": "0.20099000", "time": "2025-07-16T01:20:22.247271Z", "fetched_at": "2025-07-16T01:23:25.426767+00:00", "symbol": "DOGE-USD"}, {"trade_id": 139201829, "side": "sell", "size": "10433.30000000", "price": "0.20099000", "time": "2025-07-16T01:20:22.247271Z", "fetched_at": "2025-07-16T01:23:25.426767+00:00", "symbol": "DOGE-USD"}, {"trade_id": 139201828, "side": "sell", "size": "5334.70000000", "price": "0.20099000", "time": "2025-07-16T01:20:22.247271Z", "fetched_at": "2025-07-16T01:23:25.426767+00:00", "symbol": "DOGE-USD"}, {"trade_id": 139201827, "side": "sell", "size": "1903.70000000", "price": "0.20098000", "time": "2025-07-16T01:20:22.247271Z", "fetched_at": "2025-07-16T01:23:25.426767+00:00", "symbol": "DOGE-USD"}, {"trade_id": 139201826, "side": "sell", "size": "6803.20000000", "price": "0.20098000", "time": "2025-07-16T01:20:22.247271Z", "fetched_at": "2025-07-16T01:23:25.426767+00:00", "symbol": "DOGE-USD"}, {"trade_id": 139201825, "side": "sell", "size": "4679.00000000", "price": "0.20098000", "time": "2025-07-16T01:20:22.247271Z", "fetched_at": "2025-07-16T01:23:25.426767+00:00", "symbol": "DOGE-USD"}, {"trade_id": 139201824, "side": "sell", "size": "24942.00000000", "price": "0.20097000", "time": "2025-07-16T01:20:22.247271Z", "fetched_at": "2025-07-16T01:23:25.426767+00:00", "symbol": "DOGE-USD"}, {"trade_id": 139201823, "side": "sell", "size": "4081.90000000", "price": "0.20097000", "time": "2025-07-16T01:20:22.247271Z", "fetched_at": "2025-07-16T01:23:25.426767+00:00", "symbol": "DOGE-USD"}, {"trade_id": 139201822, "side": "sell", "size": "10000.00000000", "price": "0.20096000", "time": "2025-07-16T01:20:22.247271Z", "fetched_at": "2025-07-16T01:23:25.426767+00:00", "symbol": "DOGE-USD"}, {"trade_id": 139201821, "side": "sell", "size": "14534.90000000", "price": "0.20096000", "time": "2025-07-16T01:20:22.247271Z", "fetched_at": "2025-07-16T01:23:25.426767+00:00", "symbol": "DOGE-USD"}, {"trade_id": 139201820, "side": "sell", "size": "3442.40000000", "price": "0.20096000", "time": "2025-07-16T01:20:22.247271Z", "fetched_at": "2025-07-16T01:23:25.426767+00:00", "symbol": "DOGE-USD"}, {"trade_id": 139201819, "side": "sell", "size": "6804.00000000", "price": "0.20096000", "time": "2025-07-16T01:20:22.247271Z", "fetched_at": "2025-07-16T01:23:25.426767+00:00", "symbol": "DOGE-USD"}, {"trade_id": 139201818, "side": "sell", "size": "1593.00000000", "price": "0.20096000", "time": "2025-07-16T01:20:22.247271Z", "fetched_at": "2025-07-16T01:23:25.426767+00:00", "symbol": "DOGE-USD"}, {"trade_id": 139201817, "side": "sell", "size": "5370.20000000", "price": "0.20095000", "time": "2025-07-16T01:20:22.247271Z", "fetched_at": "2025-07-16T01:23:25.426767+00:00", "symbol": "DOGE-USD"}, {"trade_id": 139201816, "side": "sell", "size": "5038.20000000", "price": "0.20095000", "time": "2025-07-16T01:20:22.247271Z", "fetched_at": "2025-07-16T01:23:25.426767+00:00", "symbol": "DOGE-USD"}, {"trade_id": 139201815, "side": "sell", "size": "500.00000000", "price": "0.20095000", "time": "2025-07-16T01:20:22.247271Z", "fetched_at": "2025-07-16T01:23:25.426767+00:00", "symbol": "DOGE-USD"}, {"trade_id": 139201814, "side": "sell", "size": "1630.20000000", "price": "0.20094000", "time": "2025-07-16T01:20:22.247271Z", "fetched_at": "2025-07-16T01:23:25.426767+00:00", "symbol": "DOGE-USD"}, {"trade_id": 139201813, "side": "sell", "size": "6804.70000000", "price": "0.20094000", "time": "2025-07-16T01:20:22.247271Z", "fetched_at": "2025-07-16T01:23:25.426767+00:00", "symbol": "DOGE-USD"}, {"trade_id": 139201812, "side": "sell", "size": "500.00000000", "price": "0.20094000", "time": "2025-07-16T01:20:22.247271Z", "fetched_at": "2025-07-16T01:23:25.426767+00:00", "symbol": "DOGE-USD"}, {"trade_id": 139201811, "side": "sell", "size": "18182.50000000", "price": "0.20093000", "time": "2025-07-16T01:20:22.247271Z", "fetched_at": "2025-07-16T01:23:25.426767+00:00", "symbol": "DOGE-USD"}, {"trade_id": 139201810, "side": "sell", "size": "1843.60000000", "price": "0.20093000", "time": "2025-07-16T01:20:22.247271Z", "fetched_at": "2025-07-16T01:23:25.426767+00:00", "symbol": "DOGE-USD"}, {"trade_id": 139201809, "side": "sell", "size": "4382.80000000", "price": "0.20093000", "time": "2025-07-16T01:20:22.247271Z", "fetched_at": "2025-07-16T01:23:25.426767+00:00", "symbol": "DOGE-USD"}, {"trade_id": 139201808, "side": "sell", "size": "500.00000000", "price": "0.20093000", "time": "2025-07-16T01:20:22.247271Z", "fetched_at": "2025-07-16T01:23:25.426767+00:00", "symbol": "DOGE-USD"}, {"trade_id": 139201807, "side": "sell", "size": "34.50000000", "price": "0.20093000", "time": "2025-07-16T01:20:22.247271Z", "fetched_at": "2025-07-16T01:23:25.426767+00:00", "symbol": "DOGE-USD"}, {"trade_id": 139201806, "side": "sell", "size": "12336.40000000", "price": "0.20092000", "time": "2025-07-16T01:20:22.247271Z", "fetched_at": "2025-07-16T01:23:25.426767+00:00", "symbol": "DOGE-USD"}, {"trade_id": 139201805, "side": "sell", "size": "6805.40000000", "price": "0.20092000", "time": "2025-07-16T01:20:22.247271Z", "fetched_at": "2025-07-16T01:23:25.426767+00:00", "symbol": "DOGE-USD"}, {"trade_id": 139201804, "side": "sell", "size": "1593.00000000", "price": "0.20092000", "time": "2025-07-16T01:20:22.247271Z", "fetched_at": "2025-07-16T01:23:25.426767+00:00", "symbol": "DOGE-USD"}, {"trade_id": 139201803, "side": "sell", "size": "500.00000000", "price": "0.20092000", "time": "2025-07-16T01:20:22.247271Z", "fetched_at": "2025-07-16T01:23:25.426767+00:00", "symbol": "DOGE-USD"}, {"trade_id": 139201802, "side": "sell", "size": "1338.20000000", "price": "0.20092000", "time": "2025-07-16T01:20:22.247271Z", "fetched_at": "2025-07-16T01:23:25.426767+00:00", "symbol": "DOGE-USD"}, {"trade_id": 139201801, "side": "sell", "size": "6142.00000000", "price": "0.20091000", "time": "2025-07-16T01:20:22.247271Z", "fetched_at": "2025-07-16T01:23:25.426767+00:00", "symbol": "DOGE-USD"}, {"trade_id": 139201800, "side": "sell", "size": "500.00000000", "price": "0.20091000", "time": "2025-07-16T01:20:22.247271Z", "fetched_at": "2025-07-16T01:23:25.426767+00:00", "symbol": "DOGE-USD"}, {"trade_id": 139201799, "side": "sell", "size": "8.60000000", "price": "0.20091000", "time": "2025-07-16T01:20:22.247271Z", "fetched_at": "2025-07-16T01:23:25.426767+00:00", "symbol": "DOGE-USD"}, {"trade_id": 139201798, "side": "sell", "size": "3893.70000000", "price": "0.20090000", "time": "2025-07-16T01:20:22.247271Z", "fetched_at": "2025-07-16T01:23:25.426767+00:00", "symbol": "DOGE-USD"}, {"trade_id": 139201797, "side": "sell", "size": "3906.50000000", "price": "0.20090000", "time": "2025-07-16T01:20:22.247271Z", "fetched_at": "2025-07-16T01:23:25.426767+00:00", "symbol": "DOGE-USD"}, {"trade_id": 139201796, "side": "sell", "size": "24942.00000000", "price": "0.20090000", "time": "2025-07-16T01:20:22.247271Z", "fetched_at": "2025-07-16T01:23:25.426767+00:00", "symbol": "DOGE-USD"}, {"trade_id": 139201795, "side": "sell", "size": "500.00000000", "price": "0.20090000", "time": "2025-07-16T01:20:22.247271Z", "fetched_at": "2025-07-16T01:23:25.426767+00:00", "symbol": "DOGE-USD"}, {"trade_id": 139201794, "side": "sell", "size": "3906.50000000", "price": "0.20089000", "time": "2025-07-16T01:20:22.247271Z", "fetched_at": "2025-07-16T01:23:25.426767+00:00", "symbol": "DOGE-USD"}, {"trade_id": 139201793, "side": "sell", "size": "500.00000000", "price": "0.20089000", "time": "2025-07-16T01:20:22.247271Z", "fetched_at": "2025-07-16T01:23:25.426767+00:00", "symbol": "DOGE-USD"}, {"trade_id": 139201792, "side": "sell", "size": "866.20000000", "price": "0.20089000", "time": "2025-07-16T01:20:22.247271Z", "fetched_at": "2025-07-16T01:23:25.426767+00:00", "symbol": "DOGE-USD"}, {"trade_id": 139201791, "side": "sell", "size": "1593.00000000", "price": "0.20089000", "time": "2025-07-16T01:20:22.247271Z", "fetched_at": "2025-07-16T01:23:25.426767+00:00", "symbol": "DOGE-USD"}, {"trade_id": 139201790, "side": "sell", "size": "449.90000000", "price": "0.20089000", "time": "2025-07-16T01:20:22.247271Z", "fetched_at": "2025-07-16T01:23:25.426767+00:00", "symbol": "DOGE-USD"}, {"trade_id": 139201789, "side": "sell", "size": "55.80000000", "price": "0.20088000", "time": "2025-07-16T01:20:22.247271Z", "fetched_at": "2025-07-16T01:23:25.426767+00:00", "symbol": "DOGE-USD"}, {"trade_id": 139201788, "side": "sell", "size": "34.70000000", "price": "0.20087000", "time": "2025-07-16T01:20:22.247271Z", "fetched_at": "2025-07-16T01:23:25.426767+00:00", "symbol": "DOGE-USD"}, {"trade_id": 139201787, "side": "sell", "size": "1557.40000000", "price": "0.20086000", "time": "2025-07-16T01:20:22.247271Z", "fetched_at": "2025-07-16T01:23:25.426767+00:00", "symbol": "DOGE-USD"}, {"trade_id": 139201786, "side": "sell", "size": "231.50000000", "price": "0.20085000", "time": "2025-07-16T01:20:22.247271Z", "fetched_at": "2025-07-16T01:23:25.426767+00:00", "symbol": "DOGE-USD"}, {"trade_id": 139201785, "side": "sell", "size": "374.20000000", "price": "0.20085000", "time": "2025-07-16T01:20:22.247271Z", "fetched_at": "2025-07-16T01:23:25.426767+00:00", "symbol": "DOGE-USD"}, {"trade_id": 139201784, "side": "buy", "size": "703.00000000", "price": "0.20085000", "time": "2025-07-16T01:20:21.677183Z", "fetched_at": "2025-07-16T01:23:25.426767+00:00", "symbol": "DOGE-USD"}, {"trade_id": 139201783, "side": "buy", "size": "39.80000000", "price": "0.20086000", "time": "2025-07-16T01:20:21.677183Z", "fetched_at": "2025-07-16T01:23:25.426767+00:00", "symbol": "DOGE-USD"}, {"trade_id": 139201782, "side": "buy", "size": "5.50000000", "price": "0.20086000", "time": "2025-07-16T01:20:21.677183Z", "fetched_at": "2025-07-16T01:23:25.426767+00:00", "symbol": "DOGE-USD"}, {"trade_id": 139201781, "side": "buy", "size": "5.50000000", "price": "0.20088000", "time": "2025-07-16T01:20:21.677183Z", "fetched_at": "2025-07-16T01:23:25.426767+00:00", "symbol": "DOGE-USD"}, {"trade_id": 139201780, "side": "buy", "size": "33642.80000000", "price": "0.20090000", "time": "2025-07-16T01:20:21.078215Z", "fetched_at": "2025-07-16T01:23:25.426767+00:00", "symbol": "DOGE-USD"}, {"trade_id": 139201779, "side": "sell", "size": "866.20000000", "price": "0.20090000", "time": "2025-07-16T01:20:21.074189Z", "fetched_at": "2025-07-16T01:23:25.426767+00:00", "symbol": "DOGE-USD"}, {"trade_id": 139201778, "side": "sell", "size": "500.00000000", "price": "0.20090000", "time": "2025-07-16T01:20:21.074189Z", "fetched_at": "2025-07-16T01:23:25.426767+00:00", "symbol": "DOGE-USD"}, {"trade_id": 139201777, "side": "sell", "size": "305.00000000", "price": "0.20089000", "time": "2025-07-16T01:20:21.074189Z", "fetched_at": "2025-07-16T01:23:25.426767+00:00", "symbol": "DOGE-USD"}, {"trade_id": 139201776, "side": "sell", "size": "500.00000000", "price": "0.20089000", "time": "2025-07-16T01:20:21.074189Z", "fetched_at": "2025-07-16T01:23:25.426767+00:00", "symbol": "DOGE-USD"}, {"trade_id": 139201775, "side": "sell", "size": "1564.40000000", "price": "0.20089000", "time": "2025-07-16T01:20:21.074189Z", "fetched_at": "2025-07-16T01:23:25.426767+00:00", "symbol": "DOGE-USD"}, {"trade_id": 139201774, "side": "sell", "size": "1447.10000000", "price": "0.20089000", "time": "2025-07-16T01:20:21.074189Z", "fetched_at": "2025-07-16T01:23:25.426767+00:00", "symbol": "DOGE-USD"}, {"trade_id": 139201773, "side": "sell", "size": "131.20000000", "price": "0.20089000", "time": "2025-07-16T01:20:20.400924Z", "fetched_at": "2025-07-16T01:23:25.426767+00:00", "symbol": "DOGE-USD"}, {"trade_id": 139201772, "side": "buy", "size": "567.40000000", "price": "0.20090000", "time": "2025-07-16T01:20:19.425364Z", "fetched_at": "2025-07-16T01:23:25.426767+00:00", "symbol": "DOGE-USD"}, {"trade_id": 139201771, "side": "buy", "size": "5.50000000", "price": "0.20090000", "time": "2025-07-16T01:20:19.425364Z", "fetched_at": "2025-07-16T01:23:25.426767+00:00", "symbol": "DOGE-USD"}, {"trade_id": 139201770, "side": "buy", "size": "5.50000000", "price": "0.20092000", "time": "2025-07-16T01:20:18.295726Z", "fetched_at": "2025-07-16T01:23:25.426767+00:00", "symbol": "DOGE-USD"}, {"trade_id": 139201769, "side": "buy", "size": "55.80000000", "price": "0.20093000", "time": "2025-07-16T01:20:18.205515Z", "fetched_at": "2025-07-16T01:23:25.426767+00:00", "symbol": "DOGE-USD"}, {"trade_id": 139201768, "side": "buy", "size": "696.10000000", "price": "0.20094000", "time": "2025-07-16T01:20:18.202118Z", "fetched_at": "2025-07-16T01:23:25.426767+00:00", "symbol": "DOGE-USD"}, {"trade_id": 139201767, "side": "buy", "size": "5.50000000", "price": "0.20094000", "time": "2025-07-16T01:20:18.202118Z", "fetched_at": "2025-07-16T01:23:25.426767+00:00", "symbol": "DOGE-USD"}, {"trade_id": 139201766, "side": "buy", "size": "600.10000000", "price": "0.20099000", "time": "2025-07-16T01:20:13.802805Z", "fetched_at": "2025-07-16T01:23:25.426767+00:00", "symbol": "DOGE-USD"}, {"trade_id": 139201765, "side": "buy", "size": "56.80000000", "price": "0.20099000", "time": "2025-07-16T01:20:13.772646Z", "fetched_at": "2025-07-16T01:23:25.426767+00:00", "symbol": "DOGE-USD"}, {"trade_id": 139201764, "side": "buy", "size": "202.20000000", "price": "0.20099000", "time": "2025-07-16T01:20:11.551714Z", "fetched_at": "2025-07-16T01:23:25.426767+00:00", "symbol": "DOGE-USD"}, {"trade_id": 139201763, "side": "buy", "size": "13.70000000", "price": "0.20098000", "time": "2025-07-16T01:20:10.354359Z", "fetched_at": "2025-07-16T01:23:25.426767+00:00", "symbol": "DOGE-USD"}, {"trade_id": 139201762, "side": "buy", "size": "9.20000000", "price": "0.20097000", "time": "2025-07-16T01:20:06.904564Z", "fetched_at": "2025-07-16T01:23:25.426767+00:00", "symbol": "DOGE-USD"}, {"trade_id": 139201761, "side": "buy", "size": "55.80000000", "price": "0.20098000", "time": "2025-07-16T01:20:06.904564Z", "fetched_at": "2025-07-16T01:23:25.426767+00:00", "symbol": "DOGE-USD"}, {"trade_id": 139201760, "side": "buy", "size": "1024.50000000", "price": "0.20099000", "time": "2025-07-16T01:20:02.902048Z", "fetched_at": "2025-07-16T01:23:25.426767+00:00", "symbol": "DOGE-USD"}, {"trade_id": 139201759, "side": "sell", "size": "574.70000000", "price": "0.20106000", "time": "2025-07-16T01:20:02.564762Z", "fetched_at": "2025-07-16T01:23:25.426767+00:00", "symbol": "DOGE-USD"}, {"trade_id": 139201758, "side": "sell", "size": "5.50000000", "price": "0.20106000", "time": "2025-07-16T01:20:02.564762Z", "fetched_at": "2025-07-16T01:23:25.426767+00:00", "symbol": "DOGE-USD"}, {"trade_id": 139201757, "side": "sell", "size": "5.50000000", "price": "0.20104000", "time": "2025-07-16T01:20:02.393182Z", "fetched_at": "2025-07-16T01:23:25.426767+00:00", "symbol": "DOGE-USD"}, {"trade_id": 139201756, "side": "sell", "size": "5.50000000", "price": "0.20102000", "time": "2025-07-16T01:20:02.335322Z", "fetched_at": "2025-07-16T01:23:25.426767+00:00", "symbol": "DOGE-USD"}, {"trade_id": 139201755, "side": "sell", "size": "17.60000000", "price": "0.20100000", "time": "2025-07-16T01:20:02.325697Z", "fetched_at": "2025-07-16T01:23:25.426767+00:00", "symbol": "DOGE-USD"}, {"trade_id": 139201754, "side": "sell", "size": "13.30000000", "price": "0.20100000", "time": "2025-07-16T01:20:02.325697Z", "fetched_at": "2025-07-16T01:23:25.426767+00:00", "symbol": "DOGE-USD"}, {"trade_id": 139201753, "side": "sell", "size": "73.80000000", "price": "0.20100000", "time": "2025-07-16T01:20:02.325697Z", "fetched_at": "2025-07-16T01:23:25.426767+00:00", "symbol": "DOGE-USD"}, {"trade_id": 139201752, "side": "sell", "size": "17.30000000", "price": "0.20100000", "time": "2025-07-16T01:20:02.325697Z", "fetched_at": "2025-07-16T01:23:25.426767+00:00", "symbol": "DOGE-USD"}, {"trade_id": 139201751, "side": "sell", "size": "111.60000000", "price": "0.20100000", "time": "2025-07-16T01:20:02.325697Z", "fetched_at": "2025-07-16T01:23:25.426767+00:00", "symbol": "DOGE-USD"}, {"trade_id": 139201750, "side": "sell", "size": "167.40000000", "price": "0.20100000", "time": "2025-07-16T01:20:02.325697Z", "fetched_at": "2025-07-16T01:23:25.426767+00:00", "symbol": "DOGE-USD"}, {"trade_id": 139201749, "side": "sell", "size": "17.30000000", "price": "0.20100000", "time": "2025-07-16T01:20:02.325697Z", "fetched_at": "2025-07-16T01:23:25.426767+00:00", "symbol": "DOGE-USD"}, {"trade_id": 139201748, "side": "sell", "size": "5.50000000", "price": "0.20100000", "time": "2025-07-16T01:20:02.325697Z", "fetched_at": "2025-07-16T01:23:25.426767+00:00", "symbol": "DOGE-USD"}, {"trade_id": 139201747, "side": "sell", "size": "43.70000000", "price": "0.20100000", "time": "2025-07-16T01:20:02.325697Z", "fetched_at": "2025-07-16T01:23:25.426767+00:00", "symbol": "DOGE-USD"}, {"trade_id": 139201746, "side": "buy", "size": "158.30000000", "price": "0.20099000", "time": "2025-07-16T01:19:59.385775Z", "fetched_at": "2025-07-16T01:23:25.426767+00:00", "symbol": "DOGE-USD"}, {"trade_id": 139201745, "side": "buy", "size": "894.10000000", "price": "0.20099000", "time": "2025-07-16T01:19:59.385775Z", "fetched_at": "2025-07-16T01:23:25.426767+00:00", "symbol": "DOGE-USD"}, {"trade_id": 139201744, "side": "sell", "size": "73.90000000", "price": "0.20100000", "time": "2025-07-16T01:19:59.212310Z", "fetched_at": "2025-07-16T01:23:25.426767+00:00", "symbol": "DOGE-USD"}, {"trade_id": 139201743, "side": "buy", "size": "202.20000000", "price": "0.20099000", "time": "2025-07-16T01:19:58.632980Z", "fetched_at": "2025-07-16T01:23:25.426767+00:00", "symbol": "DOGE-USD"}, {"trade_id": 139201742, "side": "sell", "size": "483.90000000", "price": "0.20100000", "time": "2025-07-16T01:19:54.291094Z", "fetched_at": "2025-07-16T01:23:25.426767+00:00", "symbol": "DOGE-USD"}, {"trade_id": 139201741, "side": "sell", "size": "47.20000000", "price": "0.20100000", "time": "2025-07-16T01:19:53.398013Z", "fetched_at": "2025-07-16T01:23:25.426767+00:00", "symbol": "DOGE-USD"}, {"trade_id": 139201740, "side": "sell", "size": "74.00000000", "price": "0.20100000", "time": "2025-07-16T01:19:53.349586Z", "fetched_at": "2025-07-16T01:23:25.426767+00:00", "symbol": "DOGE-USD"}, {"trade_id": 139201739, "side": "sell", "size": "19277.30000000", "price": "0.20100000", "time": "2025-07-16T01:19:52.472983Z", "fetched_at": "2025-07-16T01:23:25.426767+00:00", "symbol": "DOGE-USD"}, {"trade_id": 139201738, "side": "sell", "size": "335.00000000", "price": "0.20100000", "time": "2025-07-16T01:19:52.472983Z", "fetched_at": "2025-07-16T01:23:25.426767+00:00", "symbol": "DOGE-USD"}, {"trade_id": 139201737, "side": "sell", "size": "55.80000000", "price": "0.20099000", "time": "2025-07-16T01:19:49.816589Z", "fetched_at": "2025-07-16T01:23:25.426767+00:00", "symbol": "DOGE-USD"}, {"trade_id": 139201736, "side": "sell", "size": "5.50000000", "price": "0.20096000", "time": "2025-07-16T01:19:49.366337Z", "fetched_at": "2025-07-16T01:23:25.426767+00:00", "symbol": "DOGE-USD"}, {"trade_id": 139201735, "side": "sell", "size": "5.50000000", "price": "0.20094000", "time": "2025-07-16T01:19:49.275308Z", "fetched_at": "2025-07-16T01:23:25.426767+00:00", "symbol": "DOGE-USD"}, {"trade_id": 139201734, "side": "sell", "size": "18.10000000", "price": "0.20092000", "time": "2025-07-16T01:19:47.928125Z", "fetched_at": "2025-07-16T01:23:25.426767+00:00", "symbol": "DOGE-USD"}, {"trade_id": 139201733, "side": "sell", "size": "5.50000000", "price": "0.20092000", "time": "2025-07-16T01:19:47.928125Z", "fetched_at": "2025-07-16T01:23:25.426767+00:00", "symbol": "DOGE-USD"}, {"trade_id": 139201732, "side": "sell", "size": "5.50000000", "price": "0.20090000", "time": "2025-07-16T01:19:47.148305Z", "fetched_at": "2025-07-16T01:23:25.426767+00:00", "symbol": "DOGE-USD"}, {"trade_id": 139201731, "side": "sell", "size": "5.50000000", "price": "0.20088000", "time": "2025-07-16T01:19:46.712636Z", "fetched_at": "2025-07-16T01:23:25.426767+00:00", "symbol": "DOGE-USD"}, {"trade_id": 139201730, "side": "sell", "size": "5.50000000", "price": "0.20086000", "time": "2025-07-16T01:19:46.443644Z", "fetched_at": "2025-07-16T01:23:25.426767+00:00", "symbol": "DOGE-USD"}, {"trade_id": 139201729, "side": "sell", "size": "17.30000000", "price": "0.20084000", "time": "2025-07-16T01:19:46.352899Z", "fetched_at": "2025-07-16T01:23:25.426767+00:00", "symbol": "DOGE-USD"}, {"trade_id": 139201728, "side": "sell", "size": "5.50000000", "price": "0.20084000", "time": "2025-07-16T01:19:46.352899Z", "fetched_at": "2025-07-16T01:23:25.426767+00:00", "symbol": "DOGE-USD"}, {"trade_id": 139201727, "side": "sell", "size": "17.20000000", "price": "0.20083000", "time": "2025-07-16T01:19:46.326691Z", "fetched_at": "2025-07-16T01:23:25.426767+00:00", "symbol": "DOGE-USD"}, {"trade_id": 139201726, "side": "sell", "size": "17.20000000", "price": "0.20083000", "time": "2025-07-16T01:19:46.326691Z", "fetched_at": "2025-07-16T01:23:25.426767+00:00", "symbol": "DOGE-USD"}, {"trade_id": 139201725, "side": "sell", "size": "18.50000000", "price": "0.20081000", "time": "2025-07-16T01:19:43.422814Z", "fetched_at": "2025-07-16T01:23:25.426767+00:00", "symbol": "DOGE-USD"}, {"trade_id": 139201724, "side": "buy", "size": "1413.30000000", "price": "0.20082000", "time": "2025-07-16T01:19:42.420690Z", "fetched_at": "2025-07-16T01:23:25.426767+00:00", "symbol": "DOGE-USD"}, {"trade_id": 139201723, "side": "buy", "size": "21.10000000", "price": "0.20081000", "time": "2025-07-16T01:19:35.853890Z", "fetched_at": "2025-07-16T01:23:25.426767+00:00", "symbol": "DOGE-USD"}, {"trade_id": 139201722, "side": "sell", "size": "24.70000000", "price": "0.20082000", "time": "2025-07-16T01:19:35.597593Z", "fetched_at": "2025-07-16T01:23:25.426767+00:00", "symbol": "DOGE-USD"}, {"trade_id": 139201721, "side": "buy", "size": "203.10000000", "price": "0.20081000", "time": "2025-07-16T01:19:35.437542Z", "fetched_at": "2025-07-16T01:23:25.426767+00:00", "symbol": "DOGE-USD"}, {"trade_id": 139201720, "side": "buy", "size": "1683.10000000", "price": "0.20083000", "time": "2025-07-16T01:19:34.814190Z", "fetched_at": "2025-07-16T01:23:25.426767+00:00", "symbol": "DOGE-USD"}, {"trade_id": 139201719, "side": "buy", "size": "867.30000000", "price": "0.20083000", "time": "2025-07-16T01:19:34.814190Z", "fetched_at": "2025-07-16T01:23:25.426767+00:00", "symbol": "DOGE-USD"}, {"trade_id": 139201718, "side": "sell", "size": "5.50000000", "price": "0.20082000", "time": "2025-07-16T01:19:31.844500Z", "fetched_at": "2025-07-16T01:23:25.426767+00:00", "symbol": "DOGE-USD"}, {"trade_id": 139201717, "side": "sell", "size": "5.50000000", "price": "0.20080000", "time": "2025-07-16T01:19:31.811594Z", "fetched_at": "2025-07-16T01:23:25.426767+00:00", "symbol": "DOGE-USD"}, {"trade_id": 139201716, "side": "sell", "size": "56.80000000", "price": "0.20079000", "time": "2025-07-16T01:19:31.598432Z", "fetched_at": "2025-07-16T01:23:25.426767+00:00", "symbol": "DOGE-USD"}, {"trade_id": 139201715, "side": "sell", "size": "67.60000000", "price": "0.20079000", "time": "2025-07-16T01:19:31.598432Z", "fetched_at": "2025-07-16T01:23:25.426767+00:00", "symbol": "DOGE-USD"}, {"trade_id": 139201714, "side": "sell", "size": "17.20000000", "price": "0.20078000", "time": "2025-07-16T01:19:31.567333Z", "fetched_at": "2025-07-16T01:23:25.426767+00:00", "symbol": "DOGE-USD"}, {"trade_id": 139201713, "side": "sell", "size": "3618.20000000", "price": "0.20077000", "time": "2025-07-16T01:19:31.460326Z", "fetched_at": "2025-07-16T01:23:25.426767+00:00", "symbol": "DOGE-USD"}, {"trade_id": 139201712, "side": "sell", "size": "13450.10000000", "price": "0.20077000", "time": "2025-07-16T01:19:31.448596Z", "fetched_at": "2025-07-16T01:23:25.426767+00:00", "symbol": "DOGE-USD"}, {"trade_id": 139201711, "side": "sell", "size": "55.90000000", "price": "0.20076000", "time": "2025-07-16T01:19:31.448596Z", "fetched_at": "2025-07-16T01:23:25.426767+00:00", "symbol": "DOGE-USD"}, {"trade_id": 139201710, "side": "sell", "size": "12.40000000", "price": "0.20073000", "time": "2025-07-16T01:19:31.442203Z", "fetched_at": "2025-07-16T01:23:25.426767+00:00", "symbol": "DOGE-USD"}, {"trade_id": 139201709, "side": "sell", "size": "12.40000000", "price": "0.20073000", "time": "2025-07-16T01:19:31.442203Z", "fetched_at": "2025-07-16T01:23:25.426767+00:00", "symbol": "DOGE-USD"}, {"trade_id": 139201708, "side": "buy", "size": "55.90000000", "price": "0.20073000", "time": "2025-07-16T01:19:28.702761Z", "fetched_at": "2025-07-16T01:23:25.426767+00:00", "symbol": "DOGE-USD"}, {"trade_id": 139201707, "side": "buy", "size": "5.50000000", "price": "0.20074000", "time": "2025-07-16T01:19:28.698643Z", "fetched_at": "2025-07-16T01:23:25.426767+00:00", "symbol": "DOGE-USD"}, {"trade_id": 139201706, "side": "buy", "size": "4788.00000000", "price": "0.20075000", "time": "2025-07-16T01:19:28.656769Z", "fetched_at": "2025-07-16T01:23:25.426767+00:00", "symbol": "DOGE-USD"}, {"trade_id": 139201705, "side": "buy", "size": "55.90000000", "price": "0.20076000", "time": "2025-07-16T01:19:28.656769Z", "fetched_at": "2025-07-16T01:23:25.426767+00:00", "symbol": "DOGE-USD"}, {"trade_id": 139201704, "side": "buy", "size": "5.50000000", "price": "0.20076000", "time": "2025-07-16T01:19:28.656769Z", "fetched_at": "2025-07-16T01:23:25.426767+00:00", "symbol": "DOGE-USD"}, {"trade_id": 139201703, "side": "buy", "size": "1789.00000000", "price": "0.20077000", "time": "2025-07-16T01:19:28.618110Z", "fetched_at": "2025-07-16T01:23:25.426767+00:00", "symbol": "DOGE-USD"}, {"trade_id": 139201702, "side": "buy", "size": "38.40000000", "price": "0.20077000", "time": "2025-07-16T01:19:26.572857Z", "fetched_at": "2025-07-16T01:23:25.426767+00:00", "symbol": "DOGE-USD"}, {"trade_id": 139201701, "side": "buy", "size": "146.70000000", "price": "0.20077000", "time": "2025-07-16T01:19:25.864174Z", "fetched_at": "2025-07-16T01:23:25.426767+00:00", "symbol": "DOGE-USD"}, {"trade_id": 139201700, "side": "buy", "size": "55.90000000", "price": "0.20077000", "time": "2025-07-16T01:19:25.864174Z", "fetched_at": "2025-07-16T01:23:25.426767+00:00", "symbol": "DOGE-USD"}, {"trade_id": 139201699, "side": "buy", "size": "2296.10000000", "price": "0.20078000", "time": "2025-07-16T01:19:24.428621Z", "fetched_at": "2025-07-16T01:23:25.426767+00:00", "symbol": "DOGE-USD"}, {"trade_id": 139201698, "side": "buy", "size": "111.00000000", "price": "0.20078000", "time": "2025-07-16T01:19:23.454893Z", "fetched_at": "2025-07-16T01:23:25.426767+00:00", "symbol": "DOGE-USD"}, {"trade_id": 139201697, "side": "buy", "size": "55.90000000", "price": "0.20078000", "time": "2025-07-16T01:19:23.454893Z", "fetched_at": "2025-07-16T01:23:25.426767+00:00", "symbol": "DOGE-USD"}, {"trade_id": 139201696, "side": "buy", "size": "415.00000000", "price": "0.20077000", "time": "2025-07-16T01:19:20.473849Z", "fetched_at": "2025-07-16T01:23:25.426767+00:00", "symbol": "DOGE-USD"}, {"trade_id": 139201695, "side": "buy", "size": "5.50000000", "price": "0.20078000", "time": "2025-07-16T01:19:20.473849Z", "fetched_at": "2025-07-16T01:23:25.426767+00:00", "symbol": "DOGE-USD"}, {"trade_id": 139201694, "side": "buy", "size": "2454.60000000", "price": "0.20080000", "time": "2025-07-16T01:19:19.886119Z", "fetched_at": "2025-07-16T01:23:25.426767+00:00", "symbol": "DOGE-USD"}, {"trade_id": 139201693, "side": "buy", "size": "5.50000000", "price": "0.20080000", "time": "2025-07-16T01:19:19.886119Z", "fetched_at": "2025-07-16T01:23:25.426767+00:00", "symbol": "DOGE-USD"}, {"trade_id": 139201692, "side": "buy", "size": "13.00000000", "price": "0.20082000", "time": "2025-07-16T01:19:16.578572Z", "fetched_at": "2025-07-16T01:23:25.426767+00:00", "symbol": "DOGE-USD"}, {"trade_id": 139201691, "side": "sell", "size": "162.70000000", "price": "0.20082000", "time": "2025-07-16T01:19:13.434816Z", "fetched_at": "2025-07-16T01:23:25.426767+00:00", "symbol": "DOGE-USD"}, {"trade_id": 139201690, "side": "sell", "size": "1350.90000000", "price": "0.20081000", "time": "2025-07-16T01:19:13.434816Z", "fetched_at": "2025-07-16T01:23:25.426767+00:00", "symbol": "DOGE-USD"}, {"trade_id": 139201689, "side": "sell", "size": "687.50000000", "price": "0.20081000", "time": "2025-07-16T01:19:13.434816Z", "fetched_at": "2025-07-16T01:23:25.426767+00:00", "symbol": "DOGE-USD"}, {"trade_id": 139201688, "side": "sell", "size": "351.00000000", "price": "0.20081000", "time": "2025-07-16T01:19:13.434816Z", "fetched_at": "2025-07-16T01:23:25.426767+00:00", "symbol": "DOGE-USD"}, {"trade_id": 139201687, "side": "sell", "size": "336.50000000", "price": "0.20081000", "time": "2025-07-16T01:19:13.434816Z", "fetched_at": "2025-07-16T01:23:25.426767+00:00", "symbol": "DOGE-USD"}, {"trade_id": 139201686, "side": "buy", "size": "55.90000000", "price": "0.20082000", "time": "2025-07-16T01:19:13.346807Z", "fetched_at": "2025-07-16T01:23:25.426767+00:00", "symbol": "DOGE-USD"}, {"trade_id": 139201685, "side": "buy", "size": "18146.90000000", "price": "0.20082000", "time": "2025-07-16T01:19:13.346807Z", "fetched_at": "2025-07-16T01:23:25.426767+00:00", "symbol": "DOGE-USD"}, {"trade_id": 139201684, "side": "buy", "size": "0.70000000", "price": "0.20082000", "time": "2025-07-16T01:19:13.346807Z", "fetched_at": "2025-07-16T01:23:25.426767+00:00", "symbol": "DOGE-USD"}, {"trade_id": 139201683, "side": "buy", "size": "4.80000000", "price": "0.20084000", "time": "2025-07-16T01:19:13.335990Z", "fetched_at": "2025-07-16T01:23:25.426767+00:00", "symbol": "DOGE-USD"}, {"trade_id": 139201682, "side": "buy", "size": "5.50000000", "price": "0.20086000", "time": "2025-07-16T01:19:13.311647Z", "fetched_at": "2025-07-16T01:23:25.426767+00:00", "symbol": "DOGE-USD"}, {"trade_id": 139201681, "side": "buy", "size": "10000.00000000", "price": "0.20089000", "time": "2025-07-16T01:19:12.835832Z", "fetched_at": "2025-07-16T01:23:25.426767+00:00", "symbol": "DOGE-USD"}, {"trade_id": 139201680, "side": "buy", "size": "1356.40000000", "price": "0.20089000", "time": "2025-07-16T01:19:12.835832Z", "fetched_at": "2025-07-16T01:23:25.426767+00:00", "symbol": "DOGE-USD"}, {"trade_id": 139201679, "side": "sell", "size": "21.20000000", "price": "0.20092000", "time": "2025-07-16T01:19:09.926633Z", "fetched_at": "2025-07-16T01:23:25.426767+00:00", "symbol": "DOGE-USD"}, {"trade_id": 139201678, "side": "sell", "size": "5.50000000", "price": "0.20094000", "time": "2025-07-16T01:19:09.854141Z", "fetched_at": "2025-07-16T01:23:25.426767+00:00", "symbol": "DOGE-USD"}, {"trade_id": 139201677, "side": "sell", "size": "55.90000000", "price": "0.20089000", "time": "2025-07-16T01:19:09.853619Z", "fetched_at": "2025-07-16T01:23:25.426767+00:00", "symbol": "DOGE-USD"}, {"trade_id": 139201676, "side": "sell", "size": "4883.40000000", "price": "0.20092000", "time": "2025-07-16T01:19:09.829946Z", "fetched_at": "2025-07-16T01:23:25.426767+00:00", "symbol": "DOGE-USD"}, {"trade_id": 139201675, "side": "sell", "size": "1593.00000000", "price": "0.20092000", "time": "2025-07-16T01:19:09.829946Z", "fetched_at": "2025-07-16T01:23:25.426767+00:00", "symbol": "DOGE-USD"}, {"trade_id": 139201674, "side": "sell", "size": "5.50000000", "price": "0.20092000", "time": "2025-07-16T01:19:09.829946Z", "fetched_at": "2025-07-16T01:23:25.426767+00:00", "symbol": "DOGE-USD"}, {"trade_id": 139201673, "side": "sell", "size": "2422.50000000", "price": "0.20091000", "time": "2025-07-16T01:19:09.829946Z", "fetched_at": "2025-07-16T01:23:25.426767+00:00", "symbol": "DOGE-USD"}, {"trade_id": 139201672, "side": "sell", "size": "10781.50000000", "price": "0.20091000", "time": "2025-07-16T01:19:09.827329Z", "fetched_at": "2025-07-16T01:23:25.426767+00:00", "symbol": "DOGE-USD"}, {"trade_id": 139201671, "side": "sell", "size": "2260.30000000", "price": "0.20091000", "time": "2025-07-16T01:19:09.827329Z", "fetched_at": "2025-07-16T01:23:25.426767+00:00", "symbol": "DOGE-USD"}, {"trade_id": 139201670, "side": "sell", "size": "4545.60000000", "price": "0.20091000", "time": "2025-07-16T01:19:09.827139Z", "fetched_at": "2025-07-16T01:23:25.426767+00:00", "symbol": "DOGE-USD"}, {"trade_id": 139201669, "side": "sell", "size": "3845.20000000", "price": "0.20090000", "time": "2025-07-16T01:19:09.827139Z", "fetched_at": "2025-07-16T01:23:25.426767+00:00", "symbol": "DOGE-USD"}, {"trade_id": 139201668, "side": "sell", "size": "741.30000000", "price": "0.20090000", "time": "2025-07-16T01:19:09.827139Z", "fetched_at": "2025-07-16T01:23:25.426767+00:00", "symbol": "DOGE-USD"}, {"trade_id": 139201667, "side": "sell", "size": "3120.80000000", "price": "0.20090000", "time": "2025-07-16T01:19:09.822297Z", "fetched_at": "2025-07-16T01:23:25.426767+00:00", "symbol": "DOGE-USD"}, {"trade_id": 139201666, "side": "sell", "size": "17.30000000", "price": "0.20090000", "time": "2025-07-16T01:19:09.822297Z", "fetched_at": "2025-07-16T01:23:25.426767+00:00", "symbol": "DOGE-USD"}, {"trade_id": 139201665, "side": "sell", "size": "5.50000000", "price": "0.20090000", "time": "2025-07-16T01:19:09.822297Z", "fetched_at": "2025-07-16T01:23:25.426767+00:00", "symbol": "DOGE-USD"}, {"trade_id": 139201664, "side": "sell", "size": "1593.00000000", "price": "0.20089000", "time": "2025-07-16T01:19:09.822297Z", "fetched_at": "2025-07-16T01:23:25.426767+00:00", "symbol": "DOGE-USD"}, {"trade_id": 139201663, "side": "sell", "size": "1299.80000000", "price": "0.20089000", "time": "2025-07-16T01:19:09.822297Z", "fetched_at": "2025-07-16T01:23:25.426767+00:00", "symbol": "DOGE-USD"}, {"trade_id": 139201662, "side": "sell", "size": "130.10000000", "price": "0.20088000", "time": "2025-07-16T01:19:09.822297Z", "fetched_at": "2025-07-16T01:23:25.426767+00:00", "symbol": "DOGE-USD"}, {"trade_id": 139201661, "side": "sell", "size": "1792.40000000", "price": "0.20088000", "time": "2025-07-16T01:19:09.819834Z", "fetched_at": "2025-07-16T01:23:25.426767+00:00", "symbol": "DOGE-USD"}, {"trade_id": 139201660, "side": "sell", "size": "555.80000000", "price": "0.20087000", "time": "2025-07-16T01:19:09.818279Z", "fetched_at": "2025-07-16T01:23:25.426767+00:00", "symbol": "DOGE-USD"}, {"trade_id": 139201659, "side": "sell", "size": "55.80000000", "price": "0.20086000", "time": "2025-07-16T01:19:09.818279Z", "fetched_at": "2025-07-16T01:23:25.426767+00:00", "symbol": "DOGE-USD"}, {"trade_id": 139201658, "side": "buy", "size": "0.70000000", "price": "0.20084000", "time": "2025-07-16T01:19:08.591022Z", "fetched_at": "2025-07-16T01:23:25.426767+00:00", "symbol": "DOGE-USD"}, {"trade_id": 139201657, "side": "sell", "size": "244.40000000", "price": "0.20085000", "time": "2025-07-16T01:19:08.413325Z", "fetched_at": "2025-07-16T01:23:25.426767+00:00", "symbol": "DOGE-USD"}, {"trade_id": 139201656, "side": "sell", "size": "899.90000000", "price": "0.20085000", "time": "2025-07-16T01:19:08.413325Z", "fetched_at": "2025-07-16T01:23:25.426767+00:00", "symbol": "DOGE-USD"}, {"trade_id": 139201655, "side": "buy", "size": "2987.20000000", "price": "0.20087000", "time": "2025-07-16T01:19:07.939069Z", "fetched_at": "2025-07-16T01:23:25.426767+00:00", "symbol": "DOGE-USD"}, {"trade_id": 139201654, "side": "buy", "size": "3323.80000000", "price": "0.20089000", "time": "2025-07-16T01:19:06.713353Z", "fetched_at": "2025-07-16T01:23:25.426767+00:00", "symbol": "DOGE-USD"}, {"trade_id": 139201653, "side": "buy", "size": "1380.20000000", "price": "0.20089000", "time": "2025-07-16T01:19:06.713353Z", "fetched_at": "2025-07-16T01:23:25.426767+00:00", "symbol": "DOGE-USD"}, {"trade_id": 139201652, "side": "sell", "size": "23.10000000", "price": "0.20088000", "time": "2025-07-16T01:19:03.687996Z", "fetched_at": "2025-07-16T01:23:25.426767+00:00", "symbol": "DOGE-USD"}, {"trade_id": 139201651, "side": "sell", "size": "5.50000000", "price": "0.20088000", "time": "2025-07-16T01:19:03.687996Z", "fetched_at": "2025-07-16T01:23:25.426767+00:00", "symbol": "DOGE-USD"}, {"trade_id": 139201650, "side": "sell", "size": "17.30000000", "price": "0.20085000", "time": "2025-07-16T01:18:58.666460Z", "fetched_at": "2025-07-16T01:23:25.426767+00:00", "symbol": "DOGE-USD"}, {"trade_id": 139201649, "side": "sell", "size": "17.20000000", "price": "0.20085000", "time": "2025-07-16T01:18:58.666460Z", "fetched_at": "2025-07-16T01:23:25.426767+00:00", "symbol": "DOGE-USD"}, {"trade_id": 139201648, "side": "buy", "size": "35.20000000", "price": "0.20084000", "time": "2025-07-16T01:18:52.507104Z", "fetched_at": "2025-07-16T01:23:25.426767+00:00", "symbol": "DOGE-USD"}, {"trade_id": 139201647, "side": "buy", "size": "4.80000000", "price": "0.20082000", "time": "2025-07-16T01:18:49.313294Z", "fetched_at": "2025-07-16T01:23:25.426767+00:00", "symbol": "DOGE-USD"}, {"trade_id": 139201646, "side": "sell", "size": "29.90000000", "price": "0.20085000", "time": "2025-07-16T01:18:47.653788Z", "fetched_at": "2025-07-16T01:23:25.426767+00:00", "symbol": "DOGE-USD"}, {"trade_id": 139201645, "side": "sell", "size": "17.30000000", "price": "0.20085000", "time": "2025-07-16T01:18:47.653788Z", "fetched_at": "2025-07-16T01:23:25.426767+00:00", "symbol": "DOGE-USD"}, {"trade_id": 139201644, "side": "buy", "size": "78.20000000", "price": "0.20084000", "time": "2025-07-16T01:18:46.945460Z", "fetched_at": "2025-07-16T01:23:25.426767+00:00", "symbol": "DOGE-USD"}, {"trade_id": 139201643, "side": "buy", "size": "2446.30000000", "price": "0.20084000", "time": "2025-07-16T01:18:42.377950Z", "fetched_at": "2025-07-16T01:23:25.426767+00:00", "symbol": "DOGE-USD"}, {"trade_id": 139201642, "side": "buy", "size": "5.50000000", "price": "0.20084000", "time": "2025-07-16T01:18:42.377950Z", "fetched_at": "2025-07-16T01:23:25.426767+00:00", "symbol": "DOGE-USD"}, {"trade_id": 139201641, "side": "sell", "size": "200.00000000", "price": "0.20090000", "time": "2025-07-16T01:18:39.058929Z", "fetched_at": "2025-07-16T01:23:25.426767+00:00", "symbol": "DOGE-USD"}, {"trade_id": 139201640, "side": "sell", "size": "26.50000000", "price": "0.20091000", "time": "2025-07-16T01:18:38.938037Z", "fetched_at": "2025-07-16T01:23:25.426767+00:00", "symbol": "DOGE-USD"}, {"trade_id": 139201639, "side": "sell", "size": "5.50000000", "price": "0.20090000", "time": "2025-07-16T01:18:38.938037Z", "fetched_at": "2025-07-16T01:23:25.426767+00:00", "symbol": "DOGE-USD"}, {"trade_id": 139201638, "side": "sell", "size": "17.30000000", "price": "0.20089000", "time": "2025-07-16T01:18:38.938037Z", "fetched_at": "2025-07-16T01:23:25.426767+00:00", "symbol": "DOGE-USD"}, {"trade_id": 139201637, "side": "sell", "size": "21.60000000", "price": "0.20088000", "time": "2025-07-16T01:18:35.388512Z", "fetched_at": "2025-07-16T01:23:25.426767+00:00", "symbol": "DOGE-USD"}, {"trade_id": 139201636, "side": "sell", "size": "6.80000000", "price": "0.20088000", "time": "2025-07-16T01:18:35.388512Z", "fetched_at": "2025-07-16T01:23:25.426767+00:00", "symbol": "DOGE-USD"}, {"trade_id": 139201635, "side": "sell", "size": "5.50000000", "price": "0.20088000", "time": "2025-07-16T01:18:35.388512Z", "fetched_at": "2025-07-16T01:23:25.426767+00:00", "symbol": "DOGE-USD"}, {"trade_id": 139201634, "side": "sell", "size": "17.20000000", "price": "0.20087000", "time": "2025-07-16T01:18:35.388512Z", "fetched_at": "2025-07-16T01:23:25.426767+00:00", "symbol": "DOGE-USD"}, {"trade_id": 139201633, "side": "sell", "size": "5.50000000", "price": "0.20086000", "time": "2025-07-16T01:18:30.656939Z", "fetched_at": "2025-07-16T01:23:25.426767+00:00", "symbol": "DOGE-USD"}, {"trade_id": 139201632, "side": "sell", "size": "5.50000000", "price": "0.20084000", "time": "2025-07-16T01:18:29.648153Z", "fetched_at": "2025-07-16T01:23:25.426767+00:00", "symbol": "DOGE-USD"}, {"trade_id": 139201631, "side": "sell", "size": "18.10000000", "price": "0.20084000", "time": "2025-07-16T01:18:29.648153Z", "fetched_at": "2025-07-16T01:23:25.426767+00:00", "symbol": "DOGE-USD"}, {"trade_id": 139201630, "side": "sell", "size": "186.50000000", "price": "0.20083000", "time": "2025-07-16T01:18:26.592147Z", "fetched_at": "2025-07-16T01:23:25.426767+00:00", "symbol": "DOGE-USD"}, {"trade_id": 139201629, "side": "sell", "size": "55.90000000", "price": "0.20082000", "time": "2025-07-16T01:18:26.592147Z", "fetched_at": "2025-07-16T01:23:25.426767+00:00", "symbol": "DOGE-USD"}, {"trade_id": 139201628, "side": "sell", "size": "5.50000000", "price": "0.20082000", "time": "2025-07-16T01:18:26.592147Z", "fetched_at": "2025-07-16T01:23:25.426767+00:00", "symbol": "DOGE-USD"}, {"trade_id": 139201627, "side": "buy", "size": "5.50000000", "price": "0.20078000", "time": "2025-07-16T01:18:23.795991Z", "fetched_at": "2025-07-16T01:23:25.426767+00:00", "symbol": "DOGE-USD"}, {"trade_id": 139201626, "side": "buy", "size": "1740.80000000", "price": "0.20080000", "time": "2025-07-16T01:18:23.673948Z", "fetched_at": "2025-07-16T01:23:25.426767+00:00", "symbol": "DOGE-USD"}, {"trade_id": 139201625, "side": "buy", "size": "440.20000000", "price": "0.20080000", "time": "2025-07-16T01:18:23.673948Z", "fetched_at": "2025-07-16T01:23:25.426767+00:00", "symbol": "DOGE-USD"}, {"trade_id": 139201624, "side": "sell", "size": "55.90000000", "price": "0.20080000", "time": "2025-07-16T01:18:23.127447Z", "fetched_at": "2025-07-16T01:23:25.426767+00:00", "symbol": "DOGE-USD"}, {"trade_id": 139201623, "side": "buy", "size": "1924.70000000", "price": "0.20083000", "time": "2025-07-16T01:18:20.840784Z", "fetched_at": "2025-07-16T01:23:25.426767+00:00", "symbol": "DOGE-USD"}, {"trade_id": 139201622, "side": "buy", "size": "210.90000000", "price": "0.20084000", "time": "2025-07-16T01:18:19.844408Z", "fetched_at": "2025-07-16T01:23:25.426767+00:00", "symbol": "DOGE-USD"}, {"trade_id": 139201621, "side": "buy", "size": "38.10000000", "price": "0.20085000", "time": "2025-07-16T01:18:19.844408Z", "fetched_at": "2025-07-16T01:23:25.426767+00:00", "symbol": "DOGE-USD"}, {"trade_id": 139201620, "side": "sell", "size": "5.50000000", "price": "0.20086000", "time": "2025-07-16T01:18:19.496459Z", "fetched_at": "2025-07-16T01:23:25.426767+00:00", "symbol": "DOGE-USD"}, {"trade_id": 139201619, "side": "sell", "size": "5.50000000", "price": "0.20084000", "time": "2025-07-16T01:18:19.485819Z", "fetched_at": "2025-07-16T01:23:25.426767+00:00", "symbol": "DOGE-USD"}, {"trade_id": 139201618, "side": "sell", "size": "5.50000000", "price": "0.20082000", "time": "2025-07-16T01:18:19.117175Z", "fetched_at": "2025-07-16T01:23:25.426767+00:00", "symbol": "DOGE-USD"}, {"trade_id": 139201617, "side": "sell", "size": "12.00000000", "price": "0.20081000", "time": "2025-07-16T01:18:19.110913Z", "fetched_at": "2025-07-16T01:23:25.426767+00:00", "symbol": "DOGE-USD"}, {"trade_id": 139201616, "side": "sell", "size": "19.20000000", "price": "0.20081000", "time": "2025-07-16T01:18:16.654033Z", "fetched_at": "2025-07-16T01:23:25.426767+00:00", "symbol": "DOGE-USD"}, {"trade_id": 139201615, "side": "sell", "size": "5.50000000", "price": "0.20080000", "time": "2025-07-16T01:18:16.654033Z", "fetched_at": "2025-07-16T01:23:25.426767+00:00", "symbol": "DOGE-USD"}, {"trade_id": 139201614, "side": "sell", "size": "5.50000000", "price": "0.20078000", "time": "2025-07-16T01:18:16.535480Z", "fetched_at": "2025-07-16T01:23:25.426767+00:00", "symbol": "DOGE-USD"}, {"trade_id": 139201613, "side": "sell", "size": "17.30000000", "price": "0.20076000", "time": "2025-07-16T01:18:16.329487Z", "fetched_at": "2025-07-16T01:23:25.426767+00:00", "symbol": "DOGE-USD"}, {"trade_id": 139201612, "side": "sell", "size": "5.50000000", "price": "0.20076000", "time": "2025-07-16T01:18:16.329487Z", "fetched_at": "2025-07-16T01:23:25.426767+00:00", "symbol": "DOGE-USD"}, {"trade_id": 139201611, "side": "sell", "size": "5.50000000", "price": "0.20074000", "time": "2025-07-16T01:18:12.348768Z", "fetched_at": "2025-07-16T01:23:25.426767+00:00", "symbol": "DOGE-USD"}, {"trade_id": 139201610, "side": "sell", "size": "9.60000000", "price": "0.20072000", "time": "2025-07-16T01:18:11.382371Z", "fetched_at": "2025-07-16T01:23:25.426767+00:00", "symbol": "DOGE-USD"}, {"trade_id": 139201609, "side": "sell", "size": "5.50000000", "price": "0.20072000", "time": "2025-07-16T01:18:11.382371Z", "fetched_at": "2025-07-16T01:23:25.426767+00:00", "symbol": "DOGE-USD"}, {"trade_id": 139201608, "side": "sell", "size": "5.50000000", "price": "0.20070000", "time": "2025-07-16T01:18:11.334903Z", "fetched_at": "2025-07-16T01:23:25.426767+00:00", "symbol": "DOGE-USD"}, {"trade_id": 139201607, "side": "sell", "size": "5.50000000", "price": "0.20068000", "time": "2025-07-16T01:18:09.738796Z", "fetched_at": "2025-07-16T01:23:25.426767+00:00", "symbol": "DOGE-USD"}, {"trade_id": 139201606, "side": "buy", "size": "2.00000000", "price": "0.20066000", "time": "2025-07-16T01:18:08.842852Z", "fetched_at": "2025-07-16T01:23:25.426767+00:00", "symbol": "DOGE-USD"}, {"trade_id": 139201605, "side": "buy", "size": "503.50000000", "price": "0.20063000", "time": "2025-07-16T01:18:06.242490Z", "fetched_at": "2025-07-16T01:23:25.426767+00:00", "symbol": "DOGE-USD"}, {"trade_id": 139201604, "side": "sell", "size": "23.60000000", "price": "0.20061000", "time": "2025-07-16T01:18:03.418210Z", "fetched_at": "2025-07-16T01:23:25.426767+00:00", "symbol": "DOGE-USD"}, {"trade_id": 139201603, "side": "buy", "size": "5.50000000", "price": "0.20062000", "time": "2025-07-16T01:18:03.092281Z", "fetched_at": "2025-07-16T01:23:25.426767+00:00", "symbol": "DOGE-USD"}, {"trade_id": 139201602, "side": "buy", "size": "1184.60000000", "price": "0.20063000", "time": "2025-07-16T01:18:03.088601Z", "fetched_at": "2025-07-16T01:23:25.426767+00:00", "symbol": "DOGE-USD"}, {"trade_id": 139201601, "side": "sell", "size": "5.50000000", "price": "0.20070000", "time": "2025-07-16T01:18:00.856475Z", "fetched_at": "2025-07-16T01:23:25.426767+00:00", "symbol": "DOGE-USD"}, {"trade_id": 139201600, "side": "sell", "size": "5.50000000", "price": "0.20068000", "time": "2025-07-16T01:18:00.781550Z", "fetched_at": "2025-07-16T01:23:25.426767+00:00", "symbol": "DOGE-USD"}, {"trade_id": 139201599, "side": "sell", "size": "55.90000000", "price": "0.20066000", "time": "2025-07-16T01:18:00.748990Z", "fetched_at": "2025-07-16T01:23:25.426767+00:00", "symbol": "DOGE-USD"}, {"trade_id": 139201598, "side": "sell", "size": "5.50000000", "price": "0.20066000", "time": "2025-07-16T01:18:00.748990Z", "fetched_at": "2025-07-16T01:23:25.426767+00:00", "symbol": "DOGE-USD"}, {"trade_id": 139201597, "side": "sell", "size": "76.60000000", "price": "0.20065000", "time": "2025-07-16T01:18:00.748990Z", "fetched_at": "2025-07-16T01:23:25.426767+00:00", "symbol": "DOGE-USD"}, {"trade_id": 139201596, "side": "sell", "size": "9572.20000000", "price": "0.20061000", "time": "2025-07-16T01:18:00.384284Z", "fetched_at": "2025-07-16T01:23:25.426767+00:00", "symbol": "DOGE-USD"}, {"trade_id": 139201595, "side": "sell", "size": "7063.60000000", "price": "0.20061000", "time": "2025-07-16T01:18:00.383748Z", "fetched_at": "2025-07-16T01:23:25.426767+00:00", "symbol": "DOGE-USD"}, {"trade_id": 139201594, "side": "sell", "size": "3240.30000000", "price": "0.20061000", "time": "2025-07-16T01:18:00.383748Z", "fetched_at": "2025-07-16T01:23:25.426767+00:00", "symbol": "DOGE-USD"}, {"trade_id": 139201593, "side": "sell", "size": "14775.20000000", "price": "0.20061000", "time": "2025-07-16T01:18:00.383396Z", "fetched_at": "2025-07-16T01:23:25.426767+00:00", "symbol": "DOGE-USD"}, {"trade_id": 139201592, "side": "sell", "size": "387.20000000", "price": "0.20061000", "time": "2025-07-16T01:18:00.383396Z", "fetched_at": "2025-07-16T01:23:25.426767+00:00", "symbol": "DOGE-USD"}, {"trade_id": 139201591, "side": "sell", "size": "992.50000000", "price": "0.20061000", "time": "2025-07-16T01:18:00.383396Z", "fetched_at": "2025-07-16T01:23:25.426767+00:00", "symbol": "DOGE-USD"}