[{"trade_id": 139189351, "side": "buy", "size": "175.00000000", "price": "0.19806000", "time": "2025-07-15T23:20:19.262127Z", "fetched_at": "2025-07-15T23:20:19.874452+00:00", "symbol": "DOGE-USD"}, {"trade_id": 139189350, "side": "buy", "size": "175.00000000", "price": "0.19805000", "time": "2025-07-15T23:20:19.206239Z", "fetched_at": "2025-07-15T23:20:19.874452+00:00", "symbol": "DOGE-USD"}, {"trade_id": 139189349, "side": "buy", "size": "28.70000000", "price": "0.19805000", "time": "2025-07-15T23:20:18.373384Z", "fetched_at": "2025-07-15T23:20:19.874452+00:00", "symbol": "DOGE-USD"}, {"trade_id": 139189348, "side": "buy", "size": "316.00000000", "price": "0.19806000", "time": "2025-07-15T23:20:18.373384Z", "fetched_at": "2025-07-15T23:20:19.874452+00:00", "symbol": "DOGE-USD"}, {"trade_id": 139189347, "side": "sell", "size": "3979.80000000", "price": "0.19809000", "time": "2025-07-15T23:20:18.143037Z", "fetched_at": "2025-07-15T23:20:19.874452+00:00", "symbol": "DOGE-USD"}, {"trade_id": 139189346, "side": "sell", "size": "4139.80000000", "price": "0.19809000", "time": "2025-07-15T23:20:18.143037Z", "fetched_at": "2025-07-15T23:20:19.874452+00:00", "symbol": "DOGE-USD"}, {"trade_id": 139189345, "side": "sell", "size": "4141.00000000", "price": "0.19809000", "time": "2025-07-15T23:20:18.143037Z", "fetched_at": "2025-07-15T23:20:19.874452+00:00", "symbol": "DOGE-USD"}, {"trade_id": 139189344, "side": "sell", "size": "56.60000000", "price": "0.19808000", "time": "2025-07-15T23:20:18.143037Z", "fetched_at": "2025-07-15T23:20:19.874452+00:00", "symbol": "DOGE-USD"}, {"trade_id": 139189343, "side": "sell", "size": "1690.60000000", "price": "0.19808000", "time": "2025-07-15T23:20:18.143037Z", "fetched_at": "2025-07-15T23:20:19.874452+00:00", "symbol": "DOGE-USD"}, {"trade_id": 139189342, "side": "sell", "size": "1559.20000000", "price": "0.19807000", "time": "2025-07-15T23:20:18.143037Z", "fetched_at": "2025-07-15T23:20:19.874452+00:00", "symbol": "DOGE-USD"}, {"trade_id": 139189341, "side": "buy", "size": "60.60000000", "price": "0.19807000", "time": "2025-07-15T23:20:16.323494Z", "fetched_at": "2025-07-15T23:20:19.874452+00:00", "symbol": "DOGE-USD"}, {"trade_id": 139189340, "side": "buy", "size": "2.20000000", "price": "0.19807000", "time": "2025-07-15T23:20:15.075946Z", "fetched_at": "2025-07-15T23:20:19.874452+00:00", "symbol": "DOGE-USD"}, {"trade_id": 139189339, "side": "buy", "size": "5.10000000", "price": "0.19807000", "time": "2025-07-15T23:20:13.711925Z", "fetched_at": "2025-07-15T23:20:19.874452+00:00", "symbol": "DOGE-USD"}, {"trade_id": 139189338, "side": "sell", "size": "47.90000000", "price": "0.19803000", "time": "2025-07-15T23:20:12.355744Z", "fetched_at": "2025-07-15T23:20:19.874452+00:00", "symbol": "DOGE-USD"}, {"trade_id": 139189337, "side": "buy", "size": "5.60000000", "price": "0.19804000", "time": "2025-07-15T23:20:12.000963Z", "fetched_at": "2025-07-15T23:20:19.874452+00:00", "symbol": "DOGE-USD"}, {"trade_id": 139189336, "side": "sell", "size": "60.40000000", "price": "0.19810000", "time": "2025-07-15T23:20:08.872674Z", "fetched_at": "2025-07-15T23:20:19.874452+00:00", "symbol": "DOGE-USD"}, {"trade_id": 139189335, "side": "sell", "size": "56.60000000", "price": "0.19809000", "time": "2025-07-15T23:20:08.872674Z", "fetched_at": "2025-07-15T23:20:19.874452+00:00", "symbol": "DOGE-USD"}, {"trade_id": 139189334, "side": "sell", "size": "5.60000000", "price": "0.19808000", "time": "2025-07-15T23:20:08.872674Z", "fetched_at": "2025-07-15T23:20:19.874452+00:00", "symbol": "DOGE-USD"}, {"trade_id": 139189333, "side": "buy", "size": "0.20000000", "price": "0.19807000", "time": "2025-07-15T23:20:07.282293Z", "fetched_at": "2025-07-15T23:20:19.874452+00:00", "symbol": "DOGE-USD"}, {"trade_id": 139189332, "side": "buy", "size": "1048.80000000", "price": "0.19796000", "time": "2025-07-15T23:20:03.052746Z", "fetched_at": "2025-07-15T23:20:19.874452+00:00", "symbol": "DOGE-USD"}, {"trade_id": 139189331, "side": "buy", "size": "5.60000000", "price": "0.19796000", "time": "2025-07-15T23:20:03.052746Z", "fetched_at": "2025-07-15T23:20:19.874452+00:00", "symbol": "DOGE-USD"}, {"trade_id": 139189330, "side": "buy", "size": "5.60000000", "price": "0.19798000", "time": "2025-07-15T23:20:02.797815Z", "fetched_at": "2025-07-15T23:20:19.874452+00:00", "symbol": "DOGE-USD"}, {"trade_id": 139189329, "side": "buy", "size": "6897.80000000", "price": "0.19799000", "time": "2025-07-15T23:20:02.366781Z", "fetched_at": "2025-07-15T23:20:19.874452+00:00", "symbol": "DOGE-USD"}, {"trade_id": 139189328, "side": "buy", "size": "1593.00000000", "price": "0.19799000", "time": "2025-07-15T23:20:02.366781Z", "fetched_at": "2025-07-15T23:20:19.874452+00:00", "symbol": "DOGE-USD"}, {"trade_id": 139189327, "side": "buy", "size": "3989.00000000", "price": "0.19800000", "time": "2025-07-15T23:20:02.366767Z", "fetched_at": "2025-07-15T23:20:19.874452+00:00", "symbol": "DOGE-USD"}, {"trade_id": 139189326, "side": "buy", "size": "5.60000000", "price": "0.19800000", "time": "2025-07-15T23:20:02.366767Z", "fetched_at": "2025-07-15T23:20:19.874452+00:00", "symbol": "DOGE-USD"}, {"trade_id": 139189325, "side": "buy", "size": "42.20000000", "price": "0.19801000", "time": "2025-07-15T23:20:02.366767Z", "fetched_at": "2025-07-15T23:20:19.874452+00:00", "symbol": "DOGE-USD"}, {"trade_id": 139189324, "side": "buy", "size": "40.30000000", "price": "0.19801000", "time": "2025-07-15T23:20:02.366767Z", "fetched_at": "2025-07-15T23:20:19.874452+00:00", "symbol": "DOGE-USD"}, {"trade_id": 139189323, "side": "buy", "size": "1639.40000000", "price": "0.19805000", "time": "2025-07-15T23:20:02.260432Z", "fetched_at": "2025-07-15T23:20:19.874452+00:00", "symbol": "DOGE-USD"}, {"trade_id": 139189322, "side": "sell", "size": "2349.80000000", "price": "0.19811000", "time": "2025-07-15T23:20:01.926370Z", "fetched_at": "2025-07-15T23:20:19.874452+00:00", "symbol": "DOGE-USD"}, {"trade_id": 139189321, "side": "sell", "size": "4172.50000000", "price": "0.19810000", "time": "2025-07-15T23:20:01.926370Z", "fetched_at": "2025-07-15T23:20:19.874452+00:00", "symbol": "DOGE-USD"}, {"trade_id": 139189320, "side": "sell", "size": "1357.20000000", "price": "0.19809000", "time": "2025-07-15T23:20:01.926370Z", "fetched_at": "2025-07-15T23:20:19.874452+00:00", "symbol": "DOGE-USD"}, {"trade_id": 139189319, "side": "sell", "size": "56.60000000", "price": "0.19809000", "time": "2025-07-15T23:20:01.926370Z", "fetched_at": "2025-07-15T23:20:19.874452+00:00", "symbol": "DOGE-USD"}, {"trade_id": 139189318, "side": "buy", "size": "5.60000000", "price": "0.19802000", "time": "2025-07-15T23:20:01.552550Z", "fetched_at": "2025-07-15T23:20:19.874452+00:00", "symbol": "DOGE-USD"}, {"trade_id": 139189317, "side": "buy", "size": "6903.20000000", "price": "0.19802000", "time": "2025-07-15T23:20:01.552550Z", "fetched_at": "2025-07-15T23:20:19.874452+00:00", "symbol": "DOGE-USD"}, {"trade_id": 139189316, "side": "buy", "size": "1593.00000000", "price": "0.19802000", "time": "2025-07-15T23:20:01.552550Z", "fetched_at": "2025-07-15T23:20:19.874452+00:00", "symbol": "DOGE-USD"}, {"trade_id": 139189315, "side": "buy", "size": "6897.80000000", "price": "0.19804000", "time": "2025-07-15T23:20:01.550919Z", "fetched_at": "2025-07-15T23:20:19.874452+00:00", "symbol": "DOGE-USD"}, {"trade_id": 139189314, "side": "buy", "size": "273.60000000", "price": "0.19804000", "time": "2025-07-15T23:20:01.550919Z", "fetched_at": "2025-07-15T23:20:19.874452+00:00", "symbol": "DOGE-USD"}, {"trade_id": 139189313, "side": "buy", "size": "1593.00000000", "price": "0.19806000", "time": "2025-07-15T23:20:01.549755Z", "fetched_at": "2025-07-15T23:20:19.874452+00:00", "symbol": "DOGE-USD"}, {"trade_id": 139189312, "side": "buy", "size": "56.60000000", "price": "0.19808000", "time": "2025-07-15T23:20:01.544081Z", "fetched_at": "2025-07-15T23:20:19.874452+00:00", "symbol": "DOGE-USD"}, {"trade_id": 139189311, "side": "sell", "size": "526.40000000", "price": "0.19812000", "time": "2025-07-15T23:20:01.512041Z", "fetched_at": "2025-07-15T23:20:19.874452+00:00", "symbol": "DOGE-USD"}, {"trade_id": 139189310, "side": "sell", "size": "363.90000000", "price": "0.19812000", "time": "2025-07-15T23:20:01.511961Z", "fetched_at": "2025-07-15T23:20:19.874452+00:00", "symbol": "DOGE-USD"}, {"trade_id": 139189309, "side": "sell", "size": "1593.00000000", "price": "0.19812000", "time": "2025-07-15T23:20:01.511961Z", "fetched_at": "2025-07-15T23:20:19.874452+00:00", "symbol": "DOGE-USD"}, {"trade_id": 139189308, "side": "sell", "size": "445.20000000", "price": "0.19811000", "time": "2025-07-15T23:20:01.511961Z", "fetched_at": "2025-07-15T23:20:19.874452+00:00", "symbol": "DOGE-USD"}, {"trade_id": 139189307, "side": "sell", "size": "791.10000000", "price": "0.19810000", "time": "2025-07-15T23:20:01.511961Z", "fetched_at": "2025-07-15T23:20:19.874452+00:00", "symbol": "DOGE-USD"}, {"trade_id": 139189306, "side": "sell", "size": "157.50000000", "price": "0.19810000", "time": "2025-07-15T23:20:01.511961Z", "fetched_at": "2025-07-15T23:20:19.874452+00:00", "symbol": "DOGE-USD"}, {"trade_id": 139189305, "side": "sell", "size": "1435.50000000", "price": "0.19810000", "time": "2025-07-15T23:20:01.511391Z", "fetched_at": "2025-07-15T23:20:19.874452+00:00", "symbol": "DOGE-USD"}, {"trade_id": 139189304, "side": "buy", "size": "1745.00000000", "price": "0.19804000", "time": "2025-07-15T23:20:01.467912Z", "fetched_at": "2025-07-15T23:20:19.874452+00:00", "symbol": "DOGE-USD"}, {"trade_id": 139189303, "side": "buy", "size": "5.60000000", "price": "0.19804000", "time": "2025-07-15T23:20:01.467912Z", "fetched_at": "2025-07-15T23:20:19.874452+00:00", "symbol": "DOGE-USD"}, {"trade_id": 139189302, "side": "buy", "size": "3027.60000000", "price": "0.19808000", "time": "2025-07-15T23:20:01.467912Z", "fetched_at": "2025-07-15T23:20:19.874452+00:00", "symbol": "DOGE-USD"}, {"trade_id": 139189301, "side": "buy", "size": "713.30000000", "price": "0.19811000", "time": "2025-07-15T23:20:01.467824Z", "fetched_at": "2025-07-15T23:20:19.874452+00:00", "symbol": "DOGE-USD"}, {"trade_id": 139189300, "side": "buy", "size": "3233.50000000", "price": "0.19811000", "time": "2025-07-15T23:20:01.462303Z", "fetched_at": "2025-07-15T23:20:19.874452+00:00", "symbol": "DOGE-USD"}, {"trade_id": 139189299, "side": "buy", "size": "791.10000000", "price": "0.19811000", "time": "2025-07-15T23:20:01.457244Z", "fetched_at": "2025-07-15T23:20:19.874452+00:00", "symbol": "DOGE-USD"}, {"trade_id": 139189298, "side": "buy", "size": "5693.90000000", "price": "0.19804000", "time": "2025-07-15T23:20:01.441326Z", "fetched_at": "2025-07-15T23:20:19.874452+00:00", "symbol": "DOGE-USD"}, {"trade_id": 139189297, "side": "buy", "size": "504.90000000", "price": "0.19805000", "time": "2025-07-15T23:20:01.441326Z", "fetched_at": "2025-07-15T23:20:19.874452+00:00", "symbol": "DOGE-USD"}, {"trade_id": 139189296, "side": "buy", "size": "1593.00000000", "price": "0.19805000", "time": "2025-07-15T23:20:01.441326Z", "fetched_at": "2025-07-15T23:20:19.874452+00:00", "symbol": "DOGE-USD"}, {"trade_id": 139189295, "side": "buy", "size": "1135.60000000", "price": "0.19805000", "time": "2025-07-15T23:20:01.441326Z", "fetched_at": "2025-07-15T23:20:19.874452+00:00", "symbol": "DOGE-USD"}, {"trade_id": 139189294, "side": "buy", "size": "5767.60000000", "price": "0.19805000", "time": "2025-07-15T23:20:01.439640Z", "fetched_at": "2025-07-15T23:20:19.874452+00:00", "symbol": "DOGE-USD"}, {"trade_id": 139189293, "side": "buy", "size": "6900.50000000", "price": "0.19806000", "time": "2025-07-15T23:20:01.438247Z", "fetched_at": "2025-07-15T23:20:19.874452+00:00", "symbol": "DOGE-USD"}, {"trade_id": 139189292, "side": "buy", "size": "5.60000000", "price": "0.19806000", "time": "2025-07-15T23:20:01.438247Z", "fetched_at": "2025-07-15T23:20:19.874452+00:00", "symbol": "DOGE-USD"}, {"trade_id": 139189291, "side": "buy", "size": "3906.90000000", "price": "0.19807000", "time": "2025-07-15T23:20:01.438042Z", "fetched_at": "2025-07-15T23:20:19.874452+00:00", "symbol": "DOGE-USD"}, {"trade_id": 139189290, "side": "buy", "size": "1093.10000000", "price": "0.19807000", "time": "2025-07-15T23:20:01.437898Z", "fetched_at": "2025-07-15T23:20:19.874452+00:00", "symbol": "DOGE-USD"}, {"trade_id": 139189289, "side": "buy", "size": "3942.30000000", "price": "0.19807000", "time": "2025-07-15T23:20:01.437898Z", "fetched_at": "2025-07-15T23:20:19.874452+00:00", "symbol": "DOGE-USD"}, {"trade_id": 139189288, "side": "buy", "size": "2958.20000000", "price": "0.19807000", "time": "2025-07-15T23:20:01.436965Z", "fetched_at": "2025-07-15T23:20:19.874452+00:00", "symbol": "DOGE-USD"}, {"trade_id": 139189287, "side": "buy", "size": "1593.00000000", "price": "0.19807000", "time": "2025-07-15T23:20:01.436965Z", "fetched_at": "2025-07-15T23:20:19.874452+00:00", "symbol": "DOGE-USD"}, {"trade_id": 139189286, "side": "buy", "size": "1901.30000000", "price": "0.19808000", "time": "2025-07-15T23:20:01.436965Z", "fetched_at": "2025-07-15T23:20:19.874452+00:00", "symbol": "DOGE-USD"}, {"trade_id": 139189285, "side": "buy", "size": "2000.00000000", "price": "0.19808000", "time": "2025-07-15T23:20:01.436965Z", "fetched_at": "2025-07-15T23:20:19.874452+00:00", "symbol": "DOGE-USD"}, {"trade_id": 139189284, "side": "buy", "size": "5.60000000", "price": "0.19808000", "time": "2025-07-15T23:20:01.436965Z", "fetched_at": "2025-07-15T23:20:19.874452+00:00", "symbol": "DOGE-USD"}, {"trade_id": 139189283, "side": "buy", "size": "54.00000000", "price": "0.19815000", "time": "2025-07-15T23:20:01.432511Z", "fetched_at": "2025-07-15T23:20:19.874452+00:00", "symbol": "DOGE-USD"}, {"trade_id": 139189282, "side": "buy", "size": "1298.00000000", "price": "0.19809000", "time": "2025-07-15T23:20:01.428406Z", "fetched_at": "2025-07-15T23:20:19.874452+00:00", "symbol": "DOGE-USD"}, {"trade_id": 139189281, "side": "buy", "size": "6898.80000000", "price": "0.19809000", "time": "2025-07-15T23:20:01.428406Z", "fetched_at": "2025-07-15T23:20:19.874452+00:00", "symbol": "DOGE-USD"}, {"trade_id": 139189280, "side": "buy", "size": "5.60000000", "price": "0.19810000", "time": "2025-07-15T23:20:01.424902Z", "fetched_at": "2025-07-15T23:20:19.874452+00:00", "symbol": "DOGE-USD"}, {"trade_id": 139189279, "side": "buy", "size": "6898.80000000", "price": "0.19810000", "time": "2025-07-15T23:20:01.424902Z", "fetched_at": "2025-07-15T23:20:19.874452+00:00", "symbol": "DOGE-USD"}, {"trade_id": 139189278, "side": "buy", "size": "1593.00000000", "price": "0.19810000", "time": "2025-07-15T23:20:01.424902Z", "fetched_at": "2025-07-15T23:20:19.874452+00:00", "symbol": "DOGE-USD"}, {"trade_id": 139189277, "side": "buy", "size": "2500.00000000", "price": "0.19811000", "time": "2025-07-15T23:20:01.424829Z", "fetched_at": "2025-07-15T23:20:19.874452+00:00", "symbol": "DOGE-USD"}, {"trade_id": 139189276, "side": "buy", "size": "1631.40000000", "price": "0.19811000", "time": "2025-07-15T23:20:01.424829Z", "fetched_at": "2025-07-15T23:20:19.874452+00:00", "symbol": "DOGE-USD"}, {"trade_id": 139189275, "side": "buy", "size": "6898.80000000", "price": "0.19811000", "time": "2025-07-15T23:20:01.424829Z", "fetched_at": "2025-07-15T23:20:19.874452+00:00", "symbol": "DOGE-USD"}, {"trade_id": 139189274, "side": "buy", "size": "2304.00000000", "price": "0.19812000", "time": "2025-07-15T23:20:01.423852Z", "fetched_at": "2025-07-15T23:20:19.874452+00:00", "symbol": "DOGE-USD"}, {"trade_id": 139189273, "side": "buy", "size": "1631.40000000", "price": "0.19812000", "time": "2025-07-15T23:20:01.423852Z", "fetched_at": "2025-07-15T23:20:19.874452+00:00", "symbol": "DOGE-USD"}, {"trade_id": 139189272, "side": "buy", "size": "4142.20000000", "price": "0.19812000", "time": "2025-07-15T23:20:01.423852Z", "fetched_at": "2025-07-15T23:20:19.874452+00:00", "symbol": "DOGE-USD"}, {"trade_id": 139189271, "side": "buy", "size": "2756.60000000", "price": "0.19812000", "time": "2025-07-15T23:20:01.423702Z", "fetched_at": "2025-07-15T23:20:19.874452+00:00", "symbol": "DOGE-USD"}, {"trade_id": 139189270, "side": "buy", "size": "5.60000000", "price": "0.19812000", "time": "2025-07-15T23:20:01.423702Z", "fetched_at": "2025-07-15T23:20:19.874452+00:00", "symbol": "DOGE-USD"}, {"trade_id": 139189269, "side": "buy", "size": "6897.80000000", "price": "0.19813000", "time": "2025-07-15T23:20:01.420778Z", "fetched_at": "2025-07-15T23:20:19.874452+00:00", "symbol": "DOGE-USD"}, {"trade_id": 139189268, "side": "buy", "size": "2511.20000000", "price": "0.19813000", "time": "2025-07-15T23:20:01.420778Z", "fetched_at": "2025-07-15T23:20:19.874452+00:00", "symbol": "DOGE-USD"}, {"trade_id": 139189267, "side": "buy", "size": "1631.40000000", "price": "0.19813000", "time": "2025-07-15T23:20:01.420778Z", "fetched_at": "2025-07-15T23:20:19.874452+00:00", "symbol": "DOGE-USD"}, {"trade_id": 139189266, "side": "buy", "size": "10000.00000000", "price": "0.19813000", "time": "2025-07-15T23:20:01.420778Z", "fetched_at": "2025-07-15T23:20:19.874452+00:00", "symbol": "DOGE-USD"}, {"trade_id": 139189265, "side": "buy", "size": "1593.00000000", "price": "0.19813000", "time": "2025-07-15T23:20:01.420778Z", "fetched_at": "2025-07-15T23:20:19.874452+00:00", "symbol": "DOGE-USD"}, {"trade_id": 139189264, "side": "buy", "size": "4142.00000000", "price": "0.19814000", "time": "2025-07-15T23:20:01.420778Z", "fetched_at": "2025-07-15T23:20:19.874452+00:00", "symbol": "DOGE-USD"}, {"trade_id": 139189263, "side": "buy", "size": "1631.40000000", "price": "0.19814000", "time": "2025-07-15T23:20:01.420778Z", "fetched_at": "2025-07-15T23:20:19.874452+00:00", "symbol": "DOGE-USD"}, {"trade_id": 139189262, "side": "buy", "size": "2628.50000000", "price": "0.19814000", "time": "2025-07-15T23:20:01.420778Z", "fetched_at": "2025-07-15T23:20:19.874452+00:00", "symbol": "DOGE-USD"}, {"trade_id": 139189261, "side": "buy", "size": "9463.70000000", "price": "0.19814000", "time": "2025-07-15T23:20:01.420778Z", "fetched_at": "2025-07-15T23:20:19.874452+00:00", "symbol": "DOGE-USD"}, {"trade_id": 139189260, "side": "buy", "size": "1631.40000000", "price": "0.19814000", "time": "2025-07-15T23:20:01.420778Z", "fetched_at": "2025-07-15T23:20:19.874452+00:00", "symbol": "DOGE-USD"}, {"trade_id": 139189259, "side": "buy", "size": "5.60000000", "price": "0.19814000", "time": "2025-07-15T23:20:01.420778Z", "fetched_at": "2025-07-15T23:20:19.874452+00:00", "symbol": "DOGE-USD"}, {"trade_id": 139189258, "side": "buy", "size": "54.00000000", "price": "0.19815000", "time": "2025-07-15T23:20:01.420778Z", "fetched_at": "2025-07-15T23:20:19.874452+00:00", "symbol": "DOGE-USD"}, {"trade_id": 139189257, "side": "buy", "size": "5.60000000", "price": "0.19816000", "time": "2025-07-15T23:20:01.420778Z", "fetched_at": "2025-07-15T23:20:19.874452+00:00", "symbol": "DOGE-USD"}, {"trade_id": 139189256, "side": "buy", "size": "1.20000000", "price": "0.19819000", "time": "2025-07-15T23:20:01.043619Z", "fetched_at": "2025-07-15T23:20:19.874452+00:00", "symbol": "DOGE-USD"}, {"trade_id": 139189255, "side": "buy", "size": "56.60000000", "price": "0.19820000", "time": "2025-07-15T23:20:00.146917Z", "fetched_at": "2025-07-15T23:20:19.874452+00:00", "symbol": "DOGE-USD"}, {"trade_id": 139189254, "side": "sell", "size": "6664.10000000", "price": "0.19826000", "time": "2025-07-15T23:19:58.632477Z", "fetched_at": "2025-07-15T23:20:19.874452+00:00", "symbol": "DOGE-USD"}, {"trade_id": 139189253, "side": "sell", "size": "4169.90000000", "price": "0.19824000", "time": "2025-07-15T23:19:58.632477Z", "fetched_at": "2025-07-15T23:20:19.874452+00:00", "symbol": "DOGE-USD"}, {"trade_id": 139189252, "side": "sell", "size": "5.60000000", "price": "0.19824000", "time": "2025-07-15T23:19:58.632477Z", "fetched_at": "2025-07-15T23:20:19.874452+00:00", "symbol": "DOGE-USD"}, {"trade_id": 139189251, "side": "sell", "size": "1371.80000000", "price": "0.19823000", "time": "2025-07-15T23:19:58.632477Z", "fetched_at": "2025-07-15T23:20:19.874452+00:00", "symbol": "DOGE-USD"}, {"trade_id": 139189250, "side": "sell", "size": "44.20000000", "price": "0.19822000", "time": "2025-07-15T23:19:58.632477Z", "fetched_at": "2025-07-15T23:20:19.874452+00:00", "symbol": "DOGE-USD"}, {"trade_id": 139189249, "side": "sell", "size": "5.60000000", "price": "0.19822000", "time": "2025-07-15T23:19:58.632477Z", "fetched_at": "2025-07-15T23:20:19.874452+00:00", "symbol": "DOGE-USD"}, {"trade_id": 139189248, "side": "sell", "size": "5.60000000", "price": "0.19820000", "time": "2025-07-15T23:19:58.632477Z", "fetched_at": "2025-07-15T23:20:19.874452+00:00", "symbol": "DOGE-USD"}, {"trade_id": 139189247, "side": "sell", "size": "5.60000000", "price": "0.19818000", "time": "2025-07-15T23:19:58.028368Z", "fetched_at": "2025-07-15T23:20:19.874452+00:00", "symbol": "DOGE-USD"}, {"trade_id": 139189246, "side": "buy", "size": "9705.30000000", "price": "0.19816000", "time": "2025-07-15T23:19:56.836626Z", "fetched_at": "2025-07-15T23:20:19.874452+00:00", "symbol": "DOGE-USD"}, {"trade_id": 139189245, "side": "buy", "size": "2160.50000000", "price": "0.19816000", "time": "2025-07-15T23:19:56.815469Z", "fetched_at": "2025-07-15T23:20:19.874452+00:00", "symbol": "DOGE-USD"}, {"trade_id": 139189244, "side": "sell", "size": "177.60000000", "price": "0.19818000", "time": "2025-07-15T23:19:52.648663Z", "fetched_at": "2025-07-15T23:20:19.874452+00:00", "symbol": "DOGE-USD"}, {"trade_id": 139189243, "side": "sell", "size": "56.60000000", "price": "0.19817000", "time": "2025-07-15T23:19:52.648663Z", "fetched_at": "2025-07-15T23:20:19.874452+00:00", "symbol": "DOGE-USD"}, {"trade_id": 139189242, "side": "sell", "size": "5.60000000", "price": "0.19816000", "time": "2025-07-15T23:19:52.648663Z", "fetched_at": "2025-07-15T23:20:19.874452+00:00", "symbol": "DOGE-USD"}, {"trade_id": 139189241, "side": "sell", "size": "5.60000000", "price": "0.19814000", "time": "2025-07-15T23:19:52.648663Z", "fetched_at": "2025-07-15T23:20:19.874452+00:00", "symbol": "DOGE-USD"}, {"trade_id": 139189240, "side": "sell", "size": "187.30000000", "price": "0.19812000", "time": "2025-07-15T23:19:49.467078Z", "fetched_at": "2025-07-15T23:20:19.874452+00:00", "symbol": "DOGE-USD"}, {"trade_id": 139189239, "side": "sell", "size": "52.20000000", "price": "0.19812000", "time": "2025-07-15T23:19:49.467078Z", "fetched_at": "2025-07-15T23:20:19.874452+00:00", "symbol": "DOGE-USD"}, {"trade_id": 139189238, "side": "buy", "size": "629.20000000", "price": "0.19811000", "time": "2025-07-15T23:19:48.532327Z", "fetched_at": "2025-07-15T23:20:19.874452+00:00", "symbol": "DOGE-USD"}, {"trade_id": 139189237, "side": "buy", "size": "109.70000000", "price": "0.19811000", "time": "2025-07-15T23:19:48.532327Z", "fetched_at": "2025-07-15T23:20:19.874452+00:00", "symbol": "DOGE-USD"}, {"trade_id": 139189236, "side": "buy", "size": "109.60000000", "price": "0.19811000", "time": "2025-07-15T23:19:48.532327Z", "fetched_at": "2025-07-15T23:20:19.874452+00:00", "symbol": "DOGE-USD"}, {"trade_id": 139189235, "side": "sell", "size": "5.60000000", "price": "0.19812000", "time": "2025-07-15T23:19:46.484374Z", "fetched_at": "2025-07-15T23:20:19.874452+00:00", "symbol": "DOGE-USD"}, {"trade_id": 139189234, "side": "sell", "size": "5.60000000", "price": "0.19810000", "time": "2025-07-15T23:19:46.313012Z", "fetched_at": "2025-07-15T23:20:19.874452+00:00", "symbol": "DOGE-USD"}, {"trade_id": 139189233, "side": "sell", "size": "5.60000000", "price": "0.19806000", "time": "2025-07-15T23:19:45.971953Z", "fetched_at": "2025-07-15T23:20:19.874452+00:00", "symbol": "DOGE-USD"}, {"trade_id": 139189232, "side": "sell", "size": "728.10000000", "price": "0.19805000", "time": "2025-07-15T23:19:45.911035Z", "fetched_at": "2025-07-15T23:20:19.874452+00:00", "symbol": "DOGE-USD"}, {"trade_id": 139189231, "side": "sell", "size": "56.70000000", "price": "0.19804000", "time": "2025-07-15T23:19:45.418250Z", "fetched_at": "2025-07-15T23:20:19.874452+00:00", "symbol": "DOGE-USD"}, {"trade_id": 139189230, "side": "sell", "size": "56.70000000", "price": "0.19804000", "time": "2025-07-15T23:19:45.406059Z", "fetched_at": "2025-07-15T23:20:19.874452+00:00", "symbol": "DOGE-USD"}, {"trade_id": 139189229, "side": "buy", "size": "51.00000000", "price": "0.19802000", "time": "2025-07-15T23:19:45.344413Z", "fetched_at": "2025-07-15T23:20:19.874452+00:00", "symbol": "DOGE-USD"}, {"trade_id": 139189228, "side": "buy", "size": "390.60000000", "price": "0.19804000", "time": "2025-07-15T23:19:43.610304Z", "fetched_at": "2025-07-15T23:20:19.874452+00:00", "symbol": "DOGE-USD"}, {"trade_id": 139189227, "side": "buy", "size": "5.60000000", "price": "0.19804000", "time": "2025-07-15T23:19:43.610304Z", "fetched_at": "2025-07-15T23:20:19.874452+00:00", "symbol": "DOGE-USD"}, {"trade_id": 139189226, "side": "buy", "size": "383.70000000", "price": "0.19808000", "time": "2025-07-15T23:19:41.049438Z", "fetched_at": "2025-07-15T23:20:19.874452+00:00", "symbol": "DOGE-USD"}, {"trade_id": 139189225, "side": "buy", "size": "56.60000000", "price": "0.19810000", "time": "2025-07-15T23:19:40.923068Z", "fetched_at": "2025-07-15T23:20:19.874452+00:00", "symbol": "DOGE-USD"}, {"trade_id": 139189224, "side": "buy", "size": "438.50000000", "price": "0.19813000", "time": "2025-07-15T23:19:40.915718Z", "fetched_at": "2025-07-15T23:20:19.874452+00:00", "symbol": "DOGE-USD"}, {"trade_id": 139189223, "side": "sell", "size": "5.60000000", "price": "0.19812000", "time": "2025-07-15T23:19:39.049093Z", "fetched_at": "2025-07-15T23:20:19.874452+00:00", "symbol": "DOGE-USD"}, {"trade_id": 139189222, "side": "sell", "size": "4225.40000000", "price": "0.19811000", "time": "2025-07-15T23:19:38.508026Z", "fetched_at": "2025-07-15T23:20:19.874452+00:00", "symbol": "DOGE-USD"}, {"trade_id": 139189221, "side": "sell", "size": "5.60000000", "price": "0.19810000", "time": "2025-07-15T23:19:38.183270Z", "fetched_at": "2025-07-15T23:20:19.874452+00:00", "symbol": "DOGE-USD"}, {"trade_id": 139189220, "side": "sell", "size": "5.00000000", "price": "0.19808000", "time": "2025-07-15T23:19:38.183270Z", "fetched_at": "2025-07-15T23:20:19.874452+00:00", "symbol": "DOGE-USD"}, {"trade_id": 139189219, "side": "sell", "size": "5.60000000", "price": "0.19804000", "time": "2025-07-15T23:19:37.662186Z", "fetched_at": "2025-07-15T23:20:19.874452+00:00", "symbol": "DOGE-USD"}, {"trade_id": 139189218, "side": "sell", "size": "56.70000000", "price": "0.19800000", "time": "2025-07-15T23:19:37.564244Z", "fetched_at": "2025-07-15T23:20:19.874452+00:00", "symbol": "DOGE-USD"}, {"trade_id": 139189217, "side": "sell", "size": "12986.40000000", "price": "0.19802000", "time": "2025-07-15T23:19:37.552664Z", "fetched_at": "2025-07-15T23:20:19.874452+00:00", "symbol": "DOGE-USD"}, {"trade_id": 139189216, "side": "sell", "size": "5881.60000000", "price": "0.19802000", "time": "2025-07-15T23:19:37.551500Z", "fetched_at": "2025-07-15T23:20:19.874452+00:00", "symbol": "DOGE-USD"}, {"trade_id": 139189215, "side": "sell", "size": "1899.10000000", "price": "0.19802000", "time": "2025-07-15T23:19:37.551500Z", "fetched_at": "2025-07-15T23:20:19.874452+00:00", "symbol": "DOGE-USD"}, {"trade_id": 139189214, "side": "sell", "size": "1593.00000000", "price": "0.19802000", "time": "2025-07-15T23:19:37.551500Z", "fetched_at": "2025-07-15T23:20:19.874452+00:00", "symbol": "DOGE-USD"}, {"trade_id": 139189213, "side": "sell", "size": "1404.40000000", "price": "0.19801000", "time": "2025-07-15T23:19:37.549569Z", "fetched_at": "2025-07-15T23:20:19.874452+00:00", "symbol": "DOGE-USD"}, {"trade_id": 139189212, "side": "sell", "size": "6905.40000000", "price": "0.19801000", "time": "2025-07-15T23:19:37.549569Z", "fetched_at": "2025-07-15T23:20:19.874452+00:00", "symbol": "DOGE-USD"}, {"trade_id": 139189211, "side": "sell", "size": "56.70000000", "price": "0.19798000", "time": "2025-07-15T23:19:37.548783Z", "fetched_at": "2025-07-15T23:20:19.874452+00:00", "symbol": "DOGE-USD"}, {"trade_id": 139189210, "side": "sell", "size": "6.60000000", "price": "0.19796000", "time": "2025-07-15T23:19:37.088259Z", "fetched_at": "2025-07-15T23:20:19.874452+00:00", "symbol": "DOGE-USD"}, {"trade_id": 139189209, "side": "sell", "size": "316.00000000", "price": "0.19795000", "time": "2025-07-15T23:19:33.899692Z", "fetched_at": "2025-07-15T23:20:19.874452+00:00", "symbol": "DOGE-USD"}, {"trade_id": 139189208, "side": "sell", "size": "56.70000000", "price": "0.19797000", "time": "2025-07-15T23:19:33.821605Z", "fetched_at": "2025-07-15T23:20:19.874452+00:00", "symbol": "DOGE-USD"}, {"trade_id": 139189207, "side": "sell", "size": "460.90000000", "price": "0.19798000", "time": "2025-07-15T23:19:33.400655Z", "fetched_at": "2025-07-15T23:20:19.874452+00:00", "symbol": "DOGE-USD"}, {"trade_id": 139189206, "side": "sell", "size": "5.60000000", "price": "0.19798000", "time": "2025-07-15T23:19:33.400655Z", "fetched_at": "2025-07-15T23:20:19.874452+00:00", "symbol": "DOGE-USD"}, {"trade_id": 139189205, "side": "sell", "size": "730.90000000", "price": "0.19797000", "time": "2025-07-15T23:19:33.400655Z", "fetched_at": "2025-07-15T23:20:19.874452+00:00", "symbol": "DOGE-USD"}, {"trade_id": 139189204, "side": "buy", "size": "0.10000000", "price": "0.19793000", "time": "2025-07-15T23:19:26.884829Z", "fetched_at": "2025-07-15T23:20:19.874452+00:00", "symbol": "DOGE-USD"}, {"trade_id": 139189203, "side": "buy", "size": "5.60000000", "price": "0.19794000", "time": "2025-07-15T23:19:20.419004Z", "fetched_at": "2025-07-15T23:20:19.874452+00:00", "symbol": "DOGE-USD"}, {"trade_id": 139189202, "side": "buy", "size": "5.60000000", "price": "0.19796000", "time": "2025-07-15T23:19:19.918647Z", "fetched_at": "2025-07-15T23:20:19.874452+00:00", "symbol": "DOGE-USD"}, {"trade_id": 139189201, "side": "buy", "size": "730.90000000", "price": "0.19798000", "time": "2025-07-15T23:19:19.795085Z", "fetched_at": "2025-07-15T23:20:19.874452+00:00", "symbol": "DOGE-USD"}, {"trade_id": 139189200, "side": "buy", "size": "5.60000000", "price": "0.19798000", "time": "2025-07-15T23:19:19.795085Z", "fetched_at": "2025-07-15T23:20:19.874452+00:00", "symbol": "DOGE-USD"}, {"trade_id": 139189199, "side": "buy", "size": "5.60000000", "price": "0.19800000", "time": "2025-07-15T23:19:16.165259Z", "fetched_at": "2025-07-15T23:20:19.874452+00:00", "symbol": "DOGE-USD"}, {"trade_id": 139189198, "side": "buy", "size": "5.60000000", "price": "0.19802000", "time": "2025-07-15T23:19:13.881262Z", "fetched_at": "2025-07-15T23:20:19.874452+00:00", "symbol": "DOGE-USD"}, {"trade_id": 139189197, "side": "sell", "size": "188.70000000", "price": "0.19804000", "time": "2025-07-15T23:19:12.110479Z", "fetched_at": "2025-07-15T23:20:19.874452+00:00", "symbol": "DOGE-USD"}, {"trade_id": 139189196, "side": "sell", "size": "56.60000000", "price": "0.19803000", "time": "2025-07-15T23:19:12.110479Z", "fetched_at": "2025-07-15T23:20:19.874452+00:00", "symbol": "DOGE-USD"}, {"trade_id": 139189195, "side": "sell", "size": "5.60000000", "price": "0.19806000", "time": "2025-07-15T23:19:09.455998Z", "fetched_at": "2025-07-15T23:20:19.874452+00:00", "symbol": "DOGE-USD"}, {"trade_id": 139189194, "side": "buy", "size": "2.90000000", "price": "0.19803000", "time": "2025-07-15T23:19:07.711851Z", "fetched_at": "2025-07-15T23:20:19.874452+00:00", "symbol": "DOGE-USD"}, {"trade_id": 139189193, "side": "sell", "size": "547.20000000", "price": "0.19804000", "time": "2025-07-15T23:19:06.819491Z", "fetched_at": "2025-07-15T23:20:19.874452+00:00", "symbol": "DOGE-USD"}, {"trade_id": 139189192, "side": "sell", "size": "51.40000000", "price": "0.19803000", "time": "2025-07-15T23:19:06.819491Z", "fetched_at": "2025-07-15T23:20:19.874452+00:00", "symbol": "DOGE-USD"}, {"trade_id": 139189191, "side": "buy", "size": "5.60000000", "price": "0.19800000", "time": "2025-07-15T23:19:03.079370Z", "fetched_at": "2025-07-15T23:20:19.874452+00:00", "symbol": "DOGE-USD"}, {"trade_id": 139189190, "side": "sell", "size": "0.60000000", "price": "0.19808000", "time": "2025-07-15T23:18:58.612183Z", "fetched_at": "2025-07-15T23:20:19.874452+00:00", "symbol": "DOGE-USD"}, {"trade_id": 139189189, "side": "sell", "size": "5.60000000", "price": "0.19804000", "time": "2025-07-15T23:18:58.425143Z", "fetched_at": "2025-07-15T23:20:19.874452+00:00", "symbol": "DOGE-USD"}, {"trade_id": 139189188, "side": "buy", "size": "5.60000000", "price": "0.19800000", "time": "2025-07-15T23:18:53.025357Z", "fetched_at": "2025-07-15T23:20:19.874452+00:00", "symbol": "DOGE-USD"}, {"trade_id": 139189187, "side": "buy", "size": "6265.90000000", "price": "0.19800000", "time": "2025-07-15T23:18:53.025357Z", "fetched_at": "2025-07-15T23:20:19.874452+00:00", "symbol": "DOGE-USD"}, {"trade_id": 139189186, "side": "buy", "size": "56.70000000", "price": "0.19801000", "time": "2025-07-15T23:18:53.023392Z", "fetched_at": "2025-07-15T23:20:19.874452+00:00", "symbol": "DOGE-USD"}, {"trade_id": 139189185, "side": "buy", "size": "5.60000000", "price": "0.19802000", "time": "2025-07-15T23:18:53.023392Z", "fetched_at": "2025-07-15T23:20:19.874452+00:00", "symbol": "DOGE-USD"}, {"trade_id": 139189184, "side": "buy", "size": "5.60000000", "price": "0.19804000", "time": "2025-07-15T23:18:52.780631Z", "fetched_at": "2025-07-15T23:20:19.874452+00:00", "symbol": "DOGE-USD"}, {"trade_id": 139189183, "side": "buy", "size": "5.60000000", "price": "0.19806000", "time": "2025-07-15T23:18:51.925879Z", "fetched_at": "2025-07-15T23:20:19.874452+00:00", "symbol": "DOGE-USD"}, {"trade_id": 139189182, "side": "buy", "size": "5.60000000", "price": "0.19808000", "time": "2025-07-15T23:18:51.305890Z", "fetched_at": "2025-07-15T23:20:19.874452+00:00", "symbol": "DOGE-USD"}, {"trade_id": 139189181, "side": "buy", "size": "5.10000000", "price": "0.19810000", "time": "2025-07-15T23:18:46.303011Z", "fetched_at": "2025-07-15T23:20:19.874452+00:00", "symbol": "DOGE-USD"}, {"trade_id": 139189180, "side": "sell", "size": "1544.00000000", "price": "0.19810000", "time": "2025-07-15T23:18:45.596609Z", "fetched_at": "2025-07-15T23:20:19.874452+00:00", "symbol": "DOGE-USD"}, {"trade_id": 139189179, "side": "sell", "size": "33.60000000", "price": "0.19812000", "time": "2025-07-15T23:18:42.629718Z", "fetched_at": "2025-07-15T23:20:19.874452+00:00", "symbol": "DOGE-USD"}, {"trade_id": 139189178, "side": "sell", "size": "33.60000000", "price": "0.19812000", "time": "2025-07-15T23:18:42.617251Z", "fetched_at": "2025-07-15T23:20:19.874452+00:00", "symbol": "DOGE-USD"}, {"trade_id": 139189177, "side": "buy", "size": "1593.00000000", "price": "0.19812000", "time": "2025-07-15T23:18:37.594327Z", "fetched_at": "2025-07-15T23:20:19.874452+00:00", "symbol": "DOGE-USD"}, {"trade_id": 139189176, "side": "sell", "size": "194.60000000", "price": "0.19812000", "time": "2025-07-15T23:18:35.026870Z", "fetched_at": "2025-07-15T23:20:19.874452+00:00", "symbol": "DOGE-USD"}, {"trade_id": 139189175, "side": "sell", "size": "55.20000000", "price": "0.19812000", "time": "2025-07-15T23:18:35.026870Z", "fetched_at": "2025-07-15T23:20:19.874452+00:00", "symbol": "DOGE-USD"}, {"trade_id": 139189174, "side": "buy", "size": "1631.40000000", "price": "0.19810000", "time": "2025-07-15T23:18:32.288405Z", "fetched_at": "2025-07-15T23:20:19.874452+00:00", "symbol": "DOGE-USD"}, {"trade_id": 139189173, "side": "buy", "size": "5.60000000", "price": "0.19810000", "time": "2025-07-15T23:18:32.288405Z", "fetched_at": "2025-07-15T23:20:19.874452+00:00", "symbol": "DOGE-USD"}, {"trade_id": 139189172, "side": "buy", "size": "56.60000000", "price": "0.19811000", "time": "2025-07-15T23:18:32.288405Z", "fetched_at": "2025-07-15T23:20:19.874452+00:00", "symbol": "DOGE-USD"}, {"trade_id": 139189171, "side": "sell", "size": "1395.20000000", "price": "0.19813000", "time": "2025-07-15T23:18:31.010065Z", "fetched_at": "2025-07-15T23:20:19.874452+00:00", "symbol": "DOGE-USD"}, {"trade_id": 139189170, "side": "sell", "size": "316.00000000", "price": "0.19813000", "time": "2025-07-15T23:18:29.556018Z", "fetched_at": "2025-07-15T23:20:19.874452+00:00", "symbol": "DOGE-USD"}, {"trade_id": 139189169, "side": "sell", "size": "316.00000000", "price": "0.19813000", "time": "2025-07-15T23:18:29.544298Z", "fetched_at": "2025-07-15T23:20:19.874452+00:00", "symbol": "DOGE-USD"}, {"trade_id": 139189168, "side": "sell", "size": "322.20000000", "price": "0.19813000", "time": "2025-07-15T23:18:29.523822Z", "fetched_at": "2025-07-15T23:20:19.874452+00:00", "symbol": "DOGE-USD"}, {"trade_id": 139189167, "side": "sell", "size": "322.20000000", "price": "0.19813000", "time": "2025-07-15T23:18:28.307494Z", "fetched_at": "2025-07-15T23:20:19.874452+00:00", "symbol": "DOGE-USD"}, {"trade_id": 139189166, "side": "sell", "size": "322.20000000", "price": "0.19812000", "time": "2025-07-15T23:18:28.307494Z", "fetched_at": "2025-07-15T23:20:19.874452+00:00", "symbol": "DOGE-USD"}, {"trade_id": 139189165, "side": "sell", "size": "454.20000000", "price": "0.19812000", "time": "2025-07-15T23:18:28.307494Z", "fetched_at": "2025-07-15T23:20:19.874452+00:00", "symbol": "DOGE-USD"}, {"trade_id": 139189164, "side": "sell", "size": "322.20000000", "price": "0.19811000", "time": "2025-07-15T23:18:28.307494Z", "fetched_at": "2025-07-15T23:20:19.874452+00:00", "symbol": "DOGE-USD"}, {"trade_id": 139189163, "side": "sell", "size": "319.10000000", "price": "0.19816000", "time": "2025-07-15T23:18:28.305345Z", "fetched_at": "2025-07-15T23:20:19.874452+00:00", "symbol": "DOGE-USD"}, {"trade_id": 139189162, "side": "sell", "size": "322.20000000", "price": "0.19815000", "time": "2025-07-15T23:18:28.305345Z", "fetched_at": "2025-07-15T23:20:19.874452+00:00", "symbol": "DOGE-USD"}, {"trade_id": 139189161, "side": "sell", "size": "316.00000000", "price": "0.19815000", "time": "2025-07-15T23:18:28.305345Z", "fetched_at": "2025-07-15T23:20:19.874452+00:00", "symbol": "DOGE-USD"}, {"trade_id": 139189160, "side": "buy", "size": "3027.70000000", "price": "0.19811000", "time": "2025-07-15T23:18:28.301108Z", "fetched_at": "2025-07-15T23:20:19.874452+00:00", "symbol": "DOGE-USD"}, {"trade_id": 139189159, "side": "buy", "size": "10000.00000000", "price": "0.19812000", "time": "2025-07-15T23:18:28.301108Z", "fetched_at": "2025-07-15T23:20:19.874452+00:00", "symbol": "DOGE-USD"}, {"trade_id": 139189158, "side": "buy", "size": "5.60000000", "price": "0.19812000", "time": "2025-07-15T23:18:28.301108Z", "fetched_at": "2025-07-15T23:20:19.874452+00:00", "symbol": "DOGE-USD"}, {"trade_id": 139189157, "side": "buy", "size": "1593.00000000", "price": "0.19812000", "time": "2025-07-15T23:18:28.301108Z", "fetched_at": "2025-07-15T23:20:19.874452+00:00", "symbol": "DOGE-USD"}, {"trade_id": 139189156, "side": "buy", "size": "1593.00000000", "price": "0.19814000", "time": "2025-07-15T23:18:28.301108Z", "fetched_at": "2025-07-15T23:20:19.874452+00:00", "symbol": "DOGE-USD"}, {"trade_id": 139189155, "side": "buy", "size": "1593.00000000", "price": "0.19816000", "time": "2025-07-15T23:18:28.300328Z", "fetched_at": "2025-07-15T23:20:19.874452+00:00", "symbol": "DOGE-USD"}, {"trade_id": 139189154, "side": "buy", "size": "1909.30000000", "price": "0.19817000", "time": "2025-07-15T23:18:28.300115Z", "fetched_at": "2025-07-15T23:20:19.874452+00:00", "symbol": "DOGE-USD"}, {"trade_id": 139189153, "side": "buy", "size": "2002.50000000", "price": "0.19818000", "time": "2025-07-15T23:18:28.300115Z", "fetched_at": "2025-07-15T23:20:19.874452+00:00", "symbol": "DOGE-USD"}, {"trade_id": 139189152, "side": "buy", "size": "497.50000000", "price": "0.19818000", "time": "2025-07-15T23:18:28.299418Z", "fetched_at": "2025-07-15T23:20:19.874452+00:00", "symbol": "DOGE-USD"}, {"trade_id": 139189151, "side": "buy", "size": "5.60000000", "price": "0.19818000", "time": "2025-07-15T23:18:28.299418Z", "fetched_at": "2025-07-15T23:20:19.874452+00:00", "symbol": "DOGE-USD"}, {"trade_id": 139189150, "side": "buy", "size": "1342.90000000", "price": "0.19818000", "time": "2025-07-15T23:18:28.299418Z", "fetched_at": "2025-07-15T23:20:19.874452+00:00", "symbol": "DOGE-USD"}, {"trade_id": 139189149, "side": "buy", "size": "942.60000000", "price": "0.19818000", "time": "2025-07-15T23:18:28.299418Z", "fetched_at": "2025-07-15T23:20:19.874452+00:00", "symbol": "DOGE-USD"}, {"trade_id": 139189148, "side": "buy", "size": "1338.50000000", "price": "0.19818000", "time": "2025-07-15T23:18:28.299385Z", "fetched_at": "2025-07-15T23:20:19.874452+00:00", "symbol": "DOGE-USD"}, {"trade_id": 139189147, "side": "buy", "size": "4616.30000000", "price": "0.19818000", "time": "2025-07-15T23:18:28.299049Z", "fetched_at": "2025-07-15T23:20:19.874452+00:00", "symbol": "DOGE-USD"}, {"trade_id": 139189146, "side": "buy", "size": "1593.00000000", "price": "0.19818000", "time": "2025-07-15T23:18:28.299049Z", "fetched_at": "2025-07-15T23:20:19.874452+00:00", "symbol": "DOGE-USD"}, {"trade_id": 139189145, "side": "buy", "size": "6897.40000000", "price": "0.19819000", "time": "2025-07-15T23:18:28.299049Z", "fetched_at": "2025-07-15T23:20:19.874452+00:00", "symbol": "DOGE-USD"}, {"trade_id": 139189144, "side": "buy", "size": "6896.40000000", "price": "0.19820000", "time": "2025-07-15T23:18:28.299049Z", "fetched_at": "2025-07-15T23:20:19.874452+00:00", "symbol": "DOGE-USD"}, {"trade_id": 139189143, "side": "buy", "size": "56.60000000", "price": "0.19822000", "time": "2025-07-15T23:18:28.299049Z", "fetched_at": "2025-07-15T23:20:19.874452+00:00", "symbol": "DOGE-USD"}, {"trade_id": 139189142, "side": "sell", "size": "5.60000000", "price": "0.19820000", "time": "2025-07-15T23:18:26.820629Z", "fetched_at": "2025-07-15T23:20:19.874452+00:00", "symbol": "DOGE-USD"}, {"trade_id": 139189141, "side": "buy", "size": "660.30000000", "price": "0.19812000", "time": "2025-07-15T23:18:23.699385Z", "fetched_at": "2025-07-15T23:20:19.874452+00:00", "symbol": "DOGE-USD"}, {"trade_id": 139189140, "side": "buy", "size": "5.60000000", "price": "0.19812000", "time": "2025-07-15T23:18:23.699385Z", "fetched_at": "2025-07-15T23:20:19.874452+00:00", "symbol": "DOGE-USD"}, {"trade_id": 139189139, "side": "buy", "size": "56.60000000", "price": "0.19813000", "time": "2025-07-15T23:18:23.699385Z", "fetched_at": "2025-07-15T23:20:19.874452+00:00", "symbol": "DOGE-USD"}, {"trade_id": 139189138, "side": "buy", "size": "14.50000000", "price": "0.19813000", "time": "2025-07-15T23:18:23.699385Z", "fetched_at": "2025-07-15T23:20:19.874452+00:00", "symbol": "DOGE-USD"}, {"trade_id": 139189137, "side": "buy", "size": "5.60000000", "price": "0.19814000", "time": "2025-07-15T23:18:23.699385Z", "fetched_at": "2025-07-15T23:20:19.874452+00:00", "symbol": "DOGE-USD"}, {"trade_id": 139189136, "side": "buy", "size": "5.60000000", "price": "0.19816000", "time": "2025-07-15T23:18:23.193092Z", "fetched_at": "2025-07-15T23:20:19.874452+00:00", "symbol": "DOGE-USD"}, {"trade_id": 139189135, "side": "buy", "size": "5.60000000", "price": "0.19818000", "time": "2025-07-15T23:18:22.455764Z", "fetched_at": "2025-07-15T23:20:19.874452+00:00", "symbol": "DOGE-USD"}, {"trade_id": 139189134, "side": "buy", "size": "5.60000000", "price": "0.19820000", "time": "2025-07-15T23:18:21.721515Z", "fetched_at": "2025-07-15T23:20:19.874452+00:00", "symbol": "DOGE-USD"}, {"trade_id": 139189133, "side": "buy", "size": "5.60000000", "price": "0.19824000", "time": "2025-07-15T23:18:21.281768Z", "fetched_at": "2025-07-15T23:20:19.874452+00:00", "symbol": "DOGE-USD"}, {"trade_id": 139189132, "side": "buy", "size": "3859.30000000", "price": "0.19825000", "time": "2025-07-15T23:18:19.025006Z", "fetched_at": "2025-07-15T23:20:19.874452+00:00", "symbol": "DOGE-USD"}, {"trade_id": 139189131, "side": "buy", "size": "1342.90000000", "price": "0.19826000", "time": "2025-07-15T23:18:19.025006Z", "fetched_at": "2025-07-15T23:20:19.874452+00:00", "symbol": "DOGE-USD"}, {"trade_id": 139189130, "side": "buy", "size": "1541.20000000", "price": "0.19827000", "time": "2025-07-15T23:18:19.025006Z", "fetched_at": "2025-07-15T23:20:19.874452+00:00", "symbol": "DOGE-USD"}, {"trade_id": 139189129, "side": "buy", "size": "56.60000000", "price": "0.19828000", "time": "2025-07-15T23:18:19.025006Z", "fetched_at": "2025-07-15T23:20:19.874452+00:00", "symbol": "DOGE-USD"}, {"trade_id": 139189128, "side": "sell", "size": "5.60000000", "price": "0.19828000", "time": "2025-07-15T23:18:18.281680Z", "fetched_at": "2025-07-15T23:20:19.874452+00:00", "symbol": "DOGE-USD"}, {"trade_id": 139189127, "side": "sell", "size": "245.10000000", "price": "0.19827000", "time": "2025-07-15T23:18:16.287046Z", "fetched_at": "2025-07-15T23:20:19.874452+00:00", "symbol": "DOGE-USD"}, {"trade_id": 139189126, "side": "sell", "size": "539.30000000", "price": "0.19827000", "time": "2025-07-15T23:18:12.928101Z", "fetched_at": "2025-07-15T23:20:19.874452+00:00", "symbol": "DOGE-USD"}, {"trade_id": 139189125, "side": "sell", "size": "490.30000000", "price": "0.19826000", "time": "2025-07-15T23:18:11.850535Z", "fetched_at": "2025-07-15T23:20:19.874452+00:00", "symbol": "DOGE-USD"}, {"trade_id": 139189124, "side": "sell", "size": "5.60000000", "price": "0.19826000", "time": "2025-07-15T23:18:10.072301Z", "fetched_at": "2025-07-15T23:20:19.874452+00:00", "symbol": "DOGE-USD"}, {"trade_id": 139189123, "side": "sell", "size": "239.20000000", "price": "0.19823000", "time": "2025-07-15T23:18:07.200363Z", "fetched_at": "2025-07-15T23:20:19.874452+00:00", "symbol": "DOGE-USD"}, {"trade_id": 139189122, "side": "sell", "size": "5.60000000", "price": "0.19824000", "time": "2025-07-15T23:18:05.659773Z", "fetched_at": "2025-07-15T23:20:19.874452+00:00", "symbol": "DOGE-USD"}, {"trade_id": 139189121, "side": "sell", "size": "5.60000000", "price": "0.19822000", "time": "2025-07-15T23:18:05.338576Z", "fetched_at": "2025-07-15T23:20:19.874452+00:00", "symbol": "DOGE-USD"}, {"trade_id": 139189120, "side": "buy", "size": "5.60000000", "price": "0.19816000", "time": "2025-07-15T23:18:02.113210Z", "fetched_at": "2025-07-15T23:20:19.874452+00:00", "symbol": "DOGE-USD"}, {"trade_id": 139189119, "side": "buy", "size": "10.20000000", "price": "0.19817000", "time": "2025-07-15T23:18:00.661420Z", "fetched_at": "2025-07-15T23:20:19.874452+00:00", "symbol": "DOGE-USD"}, {"trade_id": 139189118, "side": "buy", "size": "5.60000000", "price": "0.19818000", "time": "2025-07-15T23:18:00.648806Z", "fetched_at": "2025-07-15T23:20:19.874452+00:00", "symbol": "DOGE-USD"}, {"trade_id": 139189117, "side": "buy", "size": "5.60000000", "price": "0.19820000", "time": "2025-07-15T23:18:00.648806Z", "fetched_at": "2025-07-15T23:20:19.874452+00:00", "symbol": "DOGE-USD"}, {"trade_id": 139189116, "side": "buy", "size": "5.60000000", "price": "0.19822000", "time": "2025-07-15T23:18:00.112512Z", "fetched_at": "2025-07-15T23:20:19.874452+00:00", "symbol": "DOGE-USD"}, {"trade_id": 139189115, "side": "sell", "size": "203.70000000", "price": "0.19828000", "time": "2025-07-15T23:17:58.709009Z", "fetched_at": "2025-07-15T23:20:19.874452+00:00", "symbol": "DOGE-USD"}, {"trade_id": 139189114, "side": "sell", "size": "5.60000000", "price": "0.19828000", "time": "2025-07-15T23:17:58.709009Z", "fetched_at": "2025-07-15T23:20:19.874452+00:00", "symbol": "DOGE-USD"}, {"trade_id": 139189113, "side": "sell", "size": "44.20000000", "price": "0.19827000", "time": "2025-07-15T23:17:58.709009Z", "fetched_at": "2025-07-15T23:20:19.874452+00:00", "symbol": "DOGE-USD"}, {"trade_id": 139189112, "side": "sell", "size": "316.00000000", "price": "0.19821000", "time": "2025-07-15T23:17:56.606854Z", "fetched_at": "2025-07-15T23:20:19.874452+00:00", "symbol": "DOGE-USD"}, {"trade_id": 139189111, "side": "buy", "size": "5.60000000", "price": "0.19822000", "time": "2025-07-15T23:17:56.447790Z", "fetched_at": "2025-07-15T23:20:19.874452+00:00", "symbol": "DOGE-USD"}, {"trade_id": 139189110, "side": "buy", "size": "5.60000000", "price": "0.19824000", "time": "2025-07-15T23:17:56.199534Z", "fetched_at": "2025-07-15T23:20:19.874452+00:00", "symbol": "DOGE-USD"}, {"trade_id": 139189109, "side": "buy", "size": "9.40000000", "price": "0.19825000", "time": "2025-07-15T23:17:55.814251Z", "fetched_at": "2025-07-15T23:20:19.874452+00:00", "symbol": "DOGE-USD"}, {"trade_id": 139189108, "side": "buy", "size": "10000.00000000", "price": "0.19825000", "time": "2025-07-15T23:17:54.133064Z", "fetched_at": "2025-07-15T23:20:19.874452+00:00", "symbol": "DOGE-USD"}, {"trade_id": 139189107, "side": "buy", "size": "2500.00000000", "price": "0.19825000", "time": "2025-07-15T23:17:54.133064Z", "fetched_at": "2025-07-15T23:20:19.874452+00:00", "symbol": "DOGE-USD"}, {"trade_id": 139189106, "side": "buy", "size": "56.60000000", "price": "0.19826000", "time": "2025-07-15T23:17:54.133064Z", "fetched_at": "2025-07-15T23:20:19.874452+00:00", "symbol": "DOGE-USD"}, {"trade_id": 139189105, "side": "buy", "size": "5.60000000", "price": "0.19826000", "time": "2025-07-15T23:17:54.133064Z", "fetched_at": "2025-07-15T23:20:19.874452+00:00", "symbol": "DOGE-USD"}, {"trade_id": 139189104, "side": "sell", "size": "245.00000000", "price": "0.19828000", "time": "2025-07-15T23:17:51.705033Z", "fetched_at": "2025-07-15T23:20:19.874452+00:00", "symbol": "DOGE-USD"}, {"trade_id": 139189103, "side": "buy", "size": "17.90000000", "price": "0.19827000", "time": "2025-07-15T23:17:51.118417Z", "fetched_at": "2025-07-15T23:20:19.874452+00:00", "symbol": "DOGE-USD"}, {"trade_id": 139189102, "side": "buy", "size": "5.60000000", "price": "0.19828000", "time": "2025-07-15T23:17:51.118417Z", "fetched_at": "2025-07-15T23:20:19.874452+00:00", "symbol": "DOGE-USD"}, {"trade_id": 139189101, "side": "sell", "size": "24.80000000", "price": "0.19835000", "time": "2025-07-15T23:17:49.328808Z", "fetched_at": "2025-07-15T23:20:19.874452+00:00", "symbol": "DOGE-USD"}, {"trade_id": 139189100, "side": "sell", "size": "23.00000000", "price": "0.19834000", "time": "2025-07-15T23:17:49.328808Z", "fetched_at": "2025-07-15T23:20:19.874452+00:00", "symbol": "DOGE-USD"}, {"trade_id": 139189099, "side": "buy", "size": "528.50000000", "price": "0.19830000", "time": "2025-07-15T23:17:49.004494Z", "fetched_at": "2025-07-15T23:20:19.874452+00:00", "symbol": "DOGE-USD"}, {"trade_id": 139189098, "side": "buy", "size": "5.60000000", "price": "0.19830000", "time": "2025-07-15T23:17:49.004494Z", "fetched_at": "2025-07-15T23:20:19.874452+00:00", "symbol": "DOGE-USD"}, {"trade_id": 139189097, "side": "sell", "size": "21.80000000", "price": "0.19832000", "time": "2025-07-15T23:17:45.310644Z", "fetched_at": "2025-07-15T23:20:19.874452+00:00", "symbol": "DOGE-USD"}, {"trade_id": 139189096, "side": "sell", "size": "35.60000000", "price": "0.19831000", "time": "2025-07-15T23:17:45.310644Z", "fetched_at": "2025-07-15T23:20:19.874452+00:00", "symbol": "DOGE-USD"}, {"trade_id": 139189095, "side": "buy", "size": "5.60000000", "price": "0.19832000", "time": "2025-07-15T23:17:38.348811Z", "fetched_at": "2025-07-15T23:20:19.874452+00:00", "symbol": "DOGE-USD"}, {"trade_id": 139189094, "side": "buy", "size": "56.60000000", "price": "0.19833000", "time": "2025-07-15T23:17:38.348317Z", "fetched_at": "2025-07-15T23:20:19.874452+00:00", "symbol": "DOGE-USD"}, {"trade_id": 139189093, "side": "buy", "size": "5.60000000", "price": "0.19834000", "time": "2025-07-15T23:17:38.344648Z", "fetched_at": "2025-07-15T23:20:19.874452+00:00", "symbol": "DOGE-USD"}, {"trade_id": 139189092, "side": "buy", "size": "5.60000000", "price": "0.19836000", "time": "2025-07-15T23:17:35.752632Z", "fetched_at": "2025-07-15T23:20:19.874452+00:00", "symbol": "DOGE-USD"}, {"trade_id": 139189091, "side": "buy", "size": "2000.00000000", "price": "0.19837000", "time": "2025-07-15T23:17:35.615307Z", "fetched_at": "2025-07-15T23:20:19.874452+00:00", "symbol": "DOGE-USD"}, {"trade_id": 139189090, "side": "buy", "size": "3023.80000000", "price": "0.19838000", "time": "2025-07-15T23:17:35.447420Z", "fetched_at": "2025-07-15T23:20:19.874452+00:00", "symbol": "DOGE-USD"}, {"trade_id": 139189089, "side": "buy", "size": "5.60000000", "price": "0.19838000", "time": "2025-07-15T23:17:35.447420Z", "fetched_at": "2025-07-15T23:20:19.874452+00:00", "symbol": "DOGE-USD"}, {"trade_id": 139189088, "side": "sell", "size": "474.00000000", "price": "0.19839000", "time": "2025-07-15T23:17:32.179460Z", "fetched_at": "2025-07-15T23:20:19.874452+00:00", "symbol": "DOGE-USD"}, {"trade_id": 139189087, "side": "buy", "size": "1373.00000000", "price": "0.19844000", "time": "2025-07-15T23:17:31.147683Z", "fetched_at": "2025-07-15T23:20:19.874452+00:00", "symbol": "DOGE-USD"}, {"trade_id": 139189086, "side": "buy", "size": "610.90000000", "price": "0.19842000", "time": "2025-07-15T23:17:25.326818Z", "fetched_at": "2025-07-15T23:20:19.874452+00:00", "symbol": "DOGE-USD"}, {"trade_id": 139189085, "side": "sell", "size": "353.60000000", "price": "0.19848000", "time": "2025-07-15T23:17:22.766841Z", "fetched_at": "2025-07-15T23:20:19.874452+00:00", "symbol": "DOGE-USD"}, {"trade_id": 139189084, "side": "sell", "size": "5.60000000", "price": "0.19848000", "time": "2025-07-15T23:17:22.766841Z", "fetched_at": "2025-07-15T23:20:19.874452+00:00", "symbol": "DOGE-USD"}, {"trade_id": 139189083, "side": "sell", "size": "117.90000000", "price": "0.19848000", "time": "2025-07-15T23:17:22.766841Z", "fetched_at": "2025-07-15T23:20:19.874452+00:00", "symbol": "DOGE-USD"}, {"trade_id": 139189082, "side": "sell", "size": "1614.10000000", "price": "0.19847000", "time": "2025-07-15T23:17:22.766841Z", "fetched_at": "2025-07-15T23:20:19.874452+00:00", "symbol": "DOGE-USD"}, {"trade_id": 139189081, "side": "sell", "size": "35.00000000", "price": "0.19846000", "time": "2025-07-15T23:17:22.766841Z", "fetched_at": "2025-07-15T23:20:19.874452+00:00", "symbol": "DOGE-USD"}, {"trade_id": 139189080, "side": "sell", "size": "5.60000000", "price": "0.19846000", "time": "2025-07-15T23:17:22.766841Z", "fetched_at": "2025-07-15T23:20:19.874452+00:00", "symbol": "DOGE-USD"}, {"trade_id": 139189079, "side": "sell", "size": "1632.10000000", "price": "0.19845000", "time": "2025-07-15T23:17:22.766841Z", "fetched_at": "2025-07-15T23:20:19.874452+00:00", "symbol": "DOGE-USD"}, {"trade_id": 139189078, "side": "buy", "size": "211.80000000", "price": "0.19843000", "time": "2025-07-15T23:17:18.773604Z", "fetched_at": "2025-07-15T23:20:19.874452+00:00", "symbol": "DOGE-USD"}, {"trade_id": 139189077, "side": "sell", "size": "5.60000000", "price": "0.19844000", "time": "2025-07-15T23:17:18.040233Z", "fetched_at": "2025-07-15T23:20:19.874452+00:00", "symbol": "DOGE-USD"}, {"trade_id": 139189076, "side": "sell", "size": "51.50000000", "price": "0.19842000", "time": "2025-07-15T23:17:17.323726Z", "fetched_at": "2025-07-15T23:20:19.874452+00:00", "symbol": "DOGE-USD"}, {"trade_id": 139189075, "side": "sell", "size": "5.60000000", "price": "0.19840000", "time": "2025-07-15T23:17:17.204595Z", "fetched_at": "2025-07-15T23:20:19.874452+00:00", "symbol": "DOGE-USD"}, {"trade_id": 139189074, "side": "sell", "size": "5.60000000", "price": "0.19836000", "time": "2025-07-15T23:17:16.822522Z", "fetched_at": "2025-07-15T23:20:19.874452+00:00", "symbol": "DOGE-USD"}, {"trade_id": 139189073, "side": "sell", "size": "5.60000000", "price": "0.19832000", "time": "2025-07-15T23:17:16.361641Z", "fetched_at": "2025-07-15T23:20:19.874452+00:00", "symbol": "DOGE-USD"}, {"trade_id": 139189072, "side": "sell", "size": "51.50000000", "price": "0.19826000", "time": "2025-07-15T23:17:15.625682Z", "fetched_at": "2025-07-15T23:20:19.874452+00:00", "symbol": "DOGE-USD"}, {"trade_id": 139189071, "side": "sell", "size": "51.50000000", "price": "0.19826000", "time": "2025-07-15T23:17:15.614984Z", "fetched_at": "2025-07-15T23:20:19.874452+00:00", "symbol": "DOGE-USD"}, {"trade_id": 139189070, "side": "buy", "size": "4761.40000000", "price": "0.19821000", "time": "2025-07-15T23:17:14.288577Z", "fetched_at": "2025-07-15T23:20:19.874452+00:00", "symbol": "DOGE-USD"}, {"trade_id": 139189069, "side": "buy", "size": "238.60000000", "price": "0.19821000", "time": "2025-07-15T23:17:14.287090Z", "fetched_at": "2025-07-15T23:20:19.874452+00:00", "symbol": "DOGE-USD"}, {"trade_id": 139189068, "side": "buy", "size": "10000.00000000", "price": "0.19822000", "time": "2025-07-15T23:17:14.278859Z", "fetched_at": "2025-07-15T23:20:19.874452+00:00", "symbol": "DOGE-USD"}, {"trade_id": 139189067, "side": "buy", "size": "5.60000000", "price": "0.19822000", "time": "2025-07-15T23:17:14.278859Z", "fetched_at": "2025-07-15T23:20:19.874452+00:00", "symbol": "DOGE-USD"}, {"trade_id": 139189066, "side": "buy", "size": "56.60000000", "price": "0.19823000", "time": "2025-07-15T23:17:14.278859Z", "fetched_at": "2025-07-15T23:20:19.874452+00:00", "symbol": "DOGE-USD"}, {"trade_id": 139189065, "side": "sell", "size": "14.60000000", "price": "0.19826000", "time": "2025-07-15T23:17:11.915921Z", "fetched_at": "2025-07-15T23:20:19.874452+00:00", "symbol": "DOGE-USD"}, {"trade_id": 139189064, "side": "sell", "size": "119.60000000", "price": "0.19825000", "time": "2025-07-15T23:17:10.390421Z", "fetched_at": "2025-07-15T23:20:19.874452+00:00", "symbol": "DOGE-USD"}, {"trade_id": 139189063, "side": "sell", "size": "95.60000000", "price": "0.19824000", "time": "2025-07-15T23:17:09.844131Z", "fetched_at": "2025-07-15T23:20:19.874452+00:00", "symbol": "DOGE-USD"}, {"trade_id": 139189062, "side": "buy", "size": "37.70000000", "price": "0.19826000", "time": "2025-07-15T23:17:08.566397Z", "fetched_at": "2025-07-15T23:20:19.874452+00:00", "symbol": "DOGE-USD"}, {"trade_id": 139189061, "side": "buy", "size": "56.60000000", "price": "0.19827000", "time": "2025-07-15T23:17:08.566397Z", "fetched_at": "2025-07-15T23:20:19.874452+00:00", "symbol": "DOGE-USD"}, {"trade_id": 139189060, "side": "sell", "size": "14.60000000", "price": "0.19830000", "time": "2025-07-15T23:17:07.669417Z", "fetched_at": "2025-07-15T23:20:19.874452+00:00", "symbol": "DOGE-USD"}, {"trade_id": 139189059, "side": "sell", "size": "748.30000000", "price": "0.19827000", "time": "2025-07-15T23:17:05.933041Z", "fetched_at": "2025-07-15T23:20:19.874452+00:00", "symbol": "DOGE-USD"}, {"trade_id": 139189058, "side": "buy", "size": "888.80000000", "price": "0.19824000", "time": "2025-07-15T23:17:04.263378Z", "fetched_at": "2025-07-15T23:20:19.874452+00:00", "symbol": "DOGE-USD"}, {"trade_id": 139189057, "side": "buy", "size": "5.60000000", "price": "0.19824000", "time": "2025-07-15T23:17:04.263378Z", "fetched_at": "2025-07-15T23:20:19.874452+00:00", "symbol": "DOGE-USD"}, {"trade_id": 139189056, "side": "buy", "size": "888.80000000", "price": "0.19825000", "time": "2025-07-15T23:17:04.263378Z", "fetched_at": "2025-07-15T23:20:19.874452+00:00", "symbol": "DOGE-USD"}, {"trade_id": 139189055, "side": "buy", "size": "5.60000000", "price": "0.19826000", "time": "2025-07-15T23:17:04.174772Z", "fetched_at": "2025-07-15T23:20:19.874452+00:00", "symbol": "DOGE-USD"}, {"trade_id": 139189054, "side": "buy", "size": "56.60000000", "price": "0.19827000", "time": "2025-07-15T23:17:03.902333Z", "fetched_at": "2025-07-15T23:20:19.874452+00:00", "symbol": "DOGE-USD"}, {"trade_id": 139189053, "side": "buy", "size": "888.80000000", "price": "0.19828000", "time": "2025-07-15T23:17:03.902333Z", "fetched_at": "2025-07-15T23:20:19.874452+00:00", "symbol": "DOGE-USD"}, {"trade_id": 139189052, "side": "buy", "size": "5.60000000", "price": "0.19828000", "time": "2025-07-15T23:17:03.902333Z", "fetched_at": "2025-07-15T23:20:19.874452+00:00", "symbol": "DOGE-USD"}, {"trade_id": 139189051, "side": "sell", "size": "249.50000000", "price": "0.19831000", "time": "2025-07-15T23:17:03.644377Z", "fetched_at": "2025-07-15T23:20:19.874452+00:00", "symbol": "DOGE-USD"}, {"trade_id": 139189050, "side": "buy", "size": "227.70000000", "price": "0.19830000", "time": "2025-07-15T23:17:03.641935Z", "fetched_at": "2025-07-15T23:20:19.874452+00:00", "symbol": "DOGE-USD"}, {"trade_id": 139189049, "side": "buy", "size": "5.60000000", "price": "0.19830000", "time": "2025-07-15T23:17:03.641935Z", "fetched_at": "2025-07-15T23:20:19.874452+00:00", "symbol": "DOGE-USD"}, {"trade_id": 139189048, "side": "buy", "size": "56.60000000", "price": "0.19833000", "time": "2025-07-15T23:17:03.641109Z", "fetched_at": "2025-07-15T23:20:19.874452+00:00", "symbol": "DOGE-USD"}, {"trade_id": 139189047, "side": "buy", "size": "1937.90000000", "price": "0.19831000", "time": "2025-07-15T23:17:03.629524Z", "fetched_at": "2025-07-15T23:20:19.874452+00:00", "symbol": "DOGE-USD"}, {"trade_id": 139189046, "side": "buy", "size": "4119.70000000", "price": "0.19831000", "time": "2025-07-15T23:17:03.629524Z", "fetched_at": "2025-07-15T23:20:19.874452+00:00", "symbol": "DOGE-USD"}, {"trade_id": 139189045, "side": "buy", "size": "1631.40000000", "price": "0.19832000", "time": "2025-07-15T23:17:03.627063Z", "fetched_at": "2025-07-15T23:20:19.874452+00:00", "symbol": "DOGE-USD"}, {"trade_id": 139189044, "side": "buy", "size": "5.60000000", "price": "0.19832000", "time": "2025-07-15T23:17:03.627063Z", "fetched_at": "2025-07-15T23:20:19.874452+00:00", "symbol": "DOGE-USD"}, {"trade_id": 139189043, "side": "buy", "size": "56.60000000", "price": "0.19833000", "time": "2025-07-15T23:17:03.617958Z", "fetched_at": "2025-07-15T23:20:19.874452+00:00", "symbol": "DOGE-USD"}, {"trade_id": 139189042, "side": "buy", "size": "888.80000000", "price": "0.19834000", "time": "2025-07-15T23:17:03.617958Z", "fetched_at": "2025-07-15T23:20:19.874452+00:00", "symbol": "DOGE-USD"}, {"trade_id": 139189041, "side": "buy", "size": "5.60000000", "price": "0.19834000", "time": "2025-07-15T23:17:03.617958Z", "fetched_at": "2025-07-15T23:20:19.874452+00:00", "symbol": "DOGE-USD"}, {"trade_id": 139189040, "side": "buy", "size": "697.80000000", "price": "0.19836000", "time": "2025-07-15T23:17:03.603851Z", "fetched_at": "2025-07-15T23:20:19.874452+00:00", "symbol": "DOGE-USD"}, {"trade_id": 139189039, "side": "buy", "size": "191.00000000", "price": "0.19836000", "time": "2025-07-15T23:17:03.317898Z", "fetched_at": "2025-07-15T23:20:19.874452+00:00", "symbol": "DOGE-USD"}, {"trade_id": 139189038, "side": "buy", "size": "888.80000000", "price": "0.19837000", "time": "2025-07-15T23:17:03.313145Z", "fetched_at": "2025-07-15T23:20:19.874452+00:00", "symbol": "DOGE-USD"}, {"trade_id": 139189037, "side": "sell", "size": "322.20000000", "price": "0.19835000", "time": "2025-07-15T23:17:02.436105Z", "fetched_at": "2025-07-15T23:20:19.874452+00:00", "symbol": "DOGE-USD"}, {"trade_id": 139189036, "side": "buy", "size": "5.60000000", "price": "0.19836000", "time": "2025-07-15T23:17:02.254405Z", "fetched_at": "2025-07-15T23:20:19.874452+00:00", "symbol": "DOGE-USD"}, {"trade_id": 139189035, "side": "buy", "size": "3912.00000000", "price": "0.19837000", "time": "2025-07-15T23:17:02.182290Z", "fetched_at": "2025-07-15T23:20:19.874452+00:00", "symbol": "DOGE-USD"}, {"trade_id": 139189034, "side": "buy", "size": "1779.70000000", "price": "0.19837000", "time": "2025-07-15T23:17:02.182290Z", "fetched_at": "2025-07-15T23:20:19.874452+00:00", "symbol": "DOGE-USD"}, {"trade_id": 139189033, "side": "buy", "size": "1631.40000000", "price": "0.19837000", "time": "2025-07-15T23:17:02.182290Z", "fetched_at": "2025-07-15T23:20:19.874452+00:00", "symbol": "DOGE-USD"}, {"trade_id": 139189032, "side": "buy", "size": "888.80000000", "price": "0.19838000", "time": "2025-07-15T23:17:02.182290Z", "fetched_at": "2025-07-15T23:20:19.874452+00:00", "symbol": "DOGE-USD"}, {"trade_id": 139189031, "side": "buy", "size": "34.40000000", "price": "0.19838000", "time": "2025-07-15T23:17:02.182290Z", "fetched_at": "2025-07-15T23:20:19.874452+00:00", "symbol": "DOGE-USD"}, {"trade_id": 139189030, "side": "buy", "size": "5.60000000", "price": "0.19838000", "time": "2025-07-15T23:17:02.182290Z", "fetched_at": "2025-07-15T23:20:19.874452+00:00", "symbol": "DOGE-USD"}, {"trade_id": 139189029, "side": "buy", "size": "19169.80000000", "price": "0.19839000", "time": "2025-07-15T23:17:02.165346Z", "fetched_at": "2025-07-15T23:20:19.874452+00:00", "symbol": "DOGE-USD"}, {"trade_id": 139189028, "side": "sell", "size": "73.40000000", "price": "0.19840000", "time": "2025-07-15T23:17:01.277468Z", "fetched_at": "2025-07-15T23:20:19.874452+00:00", "symbol": "DOGE-USD"}, {"trade_id": 139189027, "side": "sell", "size": "180.00000000", "price": "0.19841000", "time": "2025-07-15T23:17:00.618961Z", "fetched_at": "2025-07-15T23:20:19.874452+00:00", "symbol": "DOGE-USD"}, {"trade_id": 139189026, "side": "sell", "size": "322.20000000", "price": "0.19841000", "time": "2025-07-15T23:17:00.618961Z", "fetched_at": "2025-07-15T23:20:19.874452+00:00", "symbol": "DOGE-USD"}, {"trade_id": 139189025, "side": "sell", "size": "37.60000000", "price": "0.19847000", "time": "2025-07-15T23:16:57.023310Z", "fetched_at": "2025-07-15T23:20:19.874452+00:00", "symbol": "DOGE-USD"}, {"trade_id": 139189024, "side": "sell", "size": "5.60000000", "price": "0.19846000", "time": "2025-07-15T23:16:56.993109Z", "fetched_at": "2025-07-15T23:20:19.874452+00:00", "symbol": "DOGE-USD"}, {"trade_id": 139189023, "side": "sell", "size": "108.20000000", "price": "0.19846000", "time": "2025-07-15T23:16:56.993109Z", "fetched_at": "2025-07-15T23:20:19.874452+00:00", "symbol": "DOGE-USD"}, {"trade_id": 139189022, "side": "sell", "size": "280.60000000", "price": "0.19845000", "time": "2025-07-15T23:16:54.224561Z", "fetched_at": "2025-07-15T23:20:19.874452+00:00", "symbol": "DOGE-USD"}, {"trade_id": 139189021, "side": "sell", "size": "188.70000000", "price": "0.19845000", "time": "2025-07-15T23:16:54.224561Z", "fetched_at": "2025-07-15T23:20:19.874452+00:00", "symbol": "DOGE-USD"}, {"trade_id": 139189020, "side": "sell", "size": "17.40000000", "price": "0.19844000", "time": "2025-07-15T23:16:54.224561Z", "fetched_at": "2025-07-15T23:20:19.874452+00:00", "symbol": "DOGE-USD"}, {"trade_id": 139189019, "side": "sell", "size": "5.60000000", "price": "0.19844000", "time": "2025-07-15T23:16:54.224561Z", "fetched_at": "2025-07-15T23:20:19.874452+00:00", "symbol": "DOGE-USD"}, {"trade_id": 139189018, "side": "sell", "size": "47.80000000", "price": "0.19844000", "time": "2025-07-15T23:16:54.224561Z", "fetched_at": "2025-07-15T23:20:19.874452+00:00", "symbol": "DOGE-USD"}, {"trade_id": 139189017, "side": "sell", "size": "208.80000000", "price": "0.19843000", "time": "2025-07-15T23:16:54.224561Z", "fetched_at": "2025-07-15T23:20:19.874452+00:00", "symbol": "DOGE-USD"}, {"trade_id": 139189016, "side": "sell", "size": "5.60000000", "price": "0.19842000", "time": "2025-07-15T23:16:53.572565Z", "fetched_at": "2025-07-15T23:20:19.874452+00:00", "symbol": "DOGE-USD"}, {"trade_id": 139189015, "side": "sell", "size": "92.70000000", "price": "0.19842000", "time": "2025-07-15T23:16:53.572565Z", "fetched_at": "2025-07-15T23:20:19.874452+00:00", "symbol": "DOGE-USD"}, {"trade_id": 139189014, "side": "sell", "size": "657.60000000", "price": "0.19841000", "time": "2025-07-15T23:16:53.095554Z", "fetched_at": "2025-07-15T23:20:19.874452+00:00", "symbol": "DOGE-USD"}, {"trade_id": 139189013, "side": "buy", "size": "142.50000000", "price": "0.19840000", "time": "2025-07-15T23:16:53.072415Z", "fetched_at": "2025-07-15T23:20:19.874452+00:00", "symbol": "DOGE-USD"}, {"trade_id": 139189012, "side": "sell", "size": "5.60000000", "price": "0.19840000", "time": "2025-07-15T23:16:53.032701Z", "fetched_at": "2025-07-15T23:20:19.874452+00:00", "symbol": "DOGE-USD"}, {"trade_id": 139189011, "side": "sell", "size": "22.60000000", "price": "0.19840000", "time": "2025-07-15T23:16:53.032701Z", "fetched_at": "2025-07-15T23:20:19.874452+00:00", "symbol": "DOGE-USD"}, {"trade_id": 139189010, "side": "sell", "size": "67.50000000", "price": "0.19839000", "time": "2025-07-15T23:16:53.011070Z", "fetched_at": "2025-07-15T23:20:19.874452+00:00", "symbol": "DOGE-USD"}, {"trade_id": 139189009, "side": "buy", "size": "103.70000000", "price": "0.19838000", "time": "2025-07-15T23:16:52.975493Z", "fetched_at": "2025-07-15T23:20:19.874452+00:00", "symbol": "DOGE-USD"}, {"trade_id": 139189008, "side": "sell", "size": "5.60000000", "price": "0.19838000", "time": "2025-07-15T23:16:51.856254Z", "fetched_at": "2025-07-15T23:20:19.874452+00:00", "symbol": "DOGE-USD"}, {"trade_id": 139189007, "side": "sell", "size": "112.90000000", "price": "0.19838000", "time": "2025-07-15T23:16:51.856254Z", "fetched_at": "2025-07-15T23:20:19.874452+00:00", "symbol": "DOGE-USD"}, {"trade_id": 139189006, "side": "sell", "size": "143.20000000", "price": "0.19837000", "time": "2025-07-15T23:16:51.766698Z", "fetched_at": "2025-07-15T23:20:19.874452+00:00", "symbol": "DOGE-USD"}, {"trade_id": 139189005, "side": "sell", "size": "5.60000000", "price": "0.19836000", "time": "2025-07-15T23:16:51.701111Z", "fetched_at": "2025-07-15T23:20:19.874452+00:00", "symbol": "DOGE-USD"}, {"trade_id": 139189004, "side": "sell", "size": "67.80000000", "price": "0.19836000", "time": "2025-07-15T23:16:51.701111Z", "fetched_at": "2025-07-15T23:20:19.874452+00:00", "symbol": "DOGE-USD"}, {"trade_id": 139189003, "side": "sell", "size": "62.80000000", "price": "0.19835000", "time": "2025-07-15T23:16:51.669513Z", "fetched_at": "2025-07-15T23:20:19.874452+00:00", "symbol": "DOGE-USD"}, {"trade_id": 139189002, "side": "sell", "size": "5.60000000", "price": "0.19834000", "time": "2025-07-15T23:16:50.655558Z", "fetched_at": "2025-07-15T23:20:19.874452+00:00", "symbol": "DOGE-USD"}, {"trade_id": 139189001, "side": "sell", "size": "143.30000000", "price": "0.19834000", "time": "2025-07-15T23:16:50.655558Z", "fetched_at": "2025-07-15T23:20:19.874452+00:00", "symbol": "DOGE-USD"}, {"trade_id": 139189000, "side": "sell", "size": "5.60000000", "price": "0.19832000", "time": "2025-07-15T23:16:50.342851Z", "fetched_at": "2025-07-15T23:20:19.874452+00:00", "symbol": "DOGE-USD"}, {"trade_id": 139188999, "side": "buy", "size": "38.20000000", "price": "0.19829000", "time": "2025-07-15T23:16:44.602850Z", "fetched_at": "2025-07-15T23:20:19.874452+00:00", "symbol": "DOGE-USD"}, {"trade_id": 139188998, "side": "buy", "size": "243.30000000", "price": "0.19825000", "time": "2025-07-15T23:16:39.596656Z", "fetched_at": "2025-07-15T23:20:19.874452+00:00", "symbol": "DOGE-USD"}, {"trade_id": 139188997, "side": "buy", "size": "39.70000000", "price": "0.19826000", "time": "2025-07-15T23:16:39.596656Z", "fetched_at": "2025-07-15T23:20:19.874452+00:00", "symbol": "DOGE-USD"}, {"trade_id": 139188996, "side": "sell", "size": "119.60000000", "price": "0.19829000", "time": "2025-07-15T23:16:38.880824Z", "fetched_at": "2025-07-15T23:20:19.874452+00:00", "symbol": "DOGE-USD"}, {"trade_id": 139188995, "side": "sell", "size": "5.60000000", "price": "0.19832000", "time": "2025-07-15T23:16:38.325251Z", "fetched_at": "2025-07-15T23:20:19.874452+00:00", "symbol": "DOGE-USD"}, {"trade_id": 139188994, "side": "sell", "size": "1609.10000000", "price": "0.19831000", "time": "2025-07-15T23:16:38.325251Z", "fetched_at": "2025-07-15T23:20:19.874452+00:00", "symbol": "DOGE-USD"}, {"trade_id": 139188993, "side": "sell", "size": "5.60000000", "price": "0.19830000", "time": "2025-07-15T23:16:38.325251Z", "fetched_at": "2025-07-15T23:20:19.874452+00:00", "symbol": "DOGE-USD"}, {"trade_id": 139188992, "side": "sell", "size": "20.00000000", "price": "0.19829000", "time": "2025-07-15T23:16:38.325251Z", "fetched_at": "2025-07-15T23:20:19.874452+00:00", "symbol": "DOGE-USD"}, {"trade_id": 139188991, "side": "sell", "size": "5.60000000", "price": "0.19828000", "time": "2025-07-15T23:16:37.453346Z", "fetched_at": "2025-07-15T23:20:19.874452+00:00", "symbol": "DOGE-USD"}, {"trade_id": 139188990, "side": "sell", "size": "5.60000000", "price": "0.19826000", "time": "2025-07-15T23:16:37.249247Z", "fetched_at": "2025-07-15T23:20:19.874452+00:00", "symbol": "DOGE-USD"}, {"trade_id": 139188989, "side": "sell", "size": "5.60000000", "price": "0.19824000", "time": "2025-07-15T23:16:37.226716Z", "fetched_at": "2025-07-15T23:20:19.874452+00:00", "symbol": "DOGE-USD"}, {"trade_id": 139188988, "side": "sell", "size": "5.60000000", "price": "0.19822000", "time": "2025-07-15T23:16:37.171667Z", "fetched_at": "2025-07-15T23:20:19.874452+00:00", "symbol": "DOGE-USD"}, {"trade_id": 139188987, "side": "buy", "size": "1342.40000000", "price": "0.19821000", "time": "2025-07-15T23:16:36.792827Z", "fetched_at": "2025-07-15T23:20:19.874452+00:00", "symbol": "DOGE-USD"}, {"trade_id": 139188986, "side": "sell", "size": "5.60000000", "price": "0.19820000", "time": "2025-07-15T23:16:36.326058Z", "fetched_at": "2025-07-15T23:20:19.874452+00:00", "symbol": "DOGE-USD"}, {"trade_id": 139188985, "side": "buy", "size": "2000.00000000", "price": "0.19814000", "time": "2025-07-15T23:16:33.110267Z", "fetched_at": "2025-07-15T23:20:19.874452+00:00", "symbol": "DOGE-USD"}, {"trade_id": 139188984, "side": "sell", "size": "76.10000000", "price": "0.19819000", "time": "2025-07-15T23:16:31.427581Z", "fetched_at": "2025-07-15T23:20:19.874452+00:00", "symbol": "DOGE-USD"}, {"trade_id": 139188983, "side": "sell", "size": "42.50000000", "price": "0.19818000", "time": "2025-07-15T23:16:31.427581Z", "fetched_at": "2025-07-15T23:20:19.874452+00:00", "symbol": "DOGE-USD"}, {"trade_id": 139188982, "side": "buy", "size": "823.90000000", "price": "0.19810000", "time": "2025-07-15T23:16:29.824399Z", "fetched_at": "2025-07-15T23:20:19.874452+00:00", "symbol": "DOGE-USD"}, {"trade_id": 139188981, "side": "buy", "size": "1631.40000000", "price": "0.19810000", "time": "2025-07-15T23:16:29.824399Z", "fetched_at": "2025-07-15T23:20:19.874452+00:00", "symbol": "DOGE-USD"}, {"trade_id": 139188980, "side": "buy", "size": "1631.40000000", "price": "0.19811000", "time": "2025-07-15T23:16:29.824399Z", "fetched_at": "2025-07-15T23:20:19.874452+00:00", "symbol": "DOGE-USD"}, {"trade_id": 139188979, "side": "buy", "size": "56.60000000", "price": "0.19812000", "time": "2025-07-15T23:16:29.824399Z", "fetched_at": "2025-07-15T23:20:19.874452+00:00", "symbol": "DOGE-USD"}, {"trade_id": 139188978, "side": "buy", "size": "891.60000000", "price": "0.19812000", "time": "2025-07-15T23:16:29.824399Z", "fetched_at": "2025-07-15T23:20:19.874452+00:00", "symbol": "DOGE-USD"}, {"trade_id": 139188977, "side": "buy", "size": "2167.00000000", "price": "0.19810000", "time": "2025-07-15T23:16:29.119421Z", "fetched_at": "2025-07-15T23:20:19.874452+00:00", "symbol": "DOGE-USD"}, {"trade_id": 139188976, "side": "buy", "size": "1631.40000000", "price": "0.19810000", "time": "2025-07-15T23:16:29.119421Z", "fetched_at": "2025-07-15T23:20:19.874452+00:00", "symbol": "DOGE-USD"}, {"trade_id": 139188975, "side": "buy", "size": "5.60000000", "price": "0.19810000", "time": "2025-07-15T23:16:29.119421Z", "fetched_at": "2025-07-15T23:20:19.874452+00:00", "symbol": "DOGE-USD"}, {"trade_id": 139188974, "side": "buy", "size": "4012.10000000", "price": "0.19811000", "time": "2025-07-15T23:16:29.119421Z", "fetched_at": "2025-07-15T23:20:19.874452+00:00", "symbol": "DOGE-USD"}, {"trade_id": 139188973, "side": "buy", "size": "1631.40000000", "price": "0.19811000", "time": "2025-07-15T23:16:29.119421Z", "fetched_at": "2025-07-15T23:20:19.874452+00:00", "symbol": "DOGE-USD"}, {"trade_id": 139188972, "side": "buy", "size": "891.60000000", "price": "0.19812000", "time": "2025-07-15T23:16:29.119421Z", "fetched_at": "2025-07-15T23:20:19.874452+00:00", "symbol": "DOGE-USD"}, {"trade_id": 139188971, "side": "buy", "size": "1593.00000000", "price": "0.19812000", "time": "2025-07-15T23:16:29.119421Z", "fetched_at": "2025-07-15T23:20:19.874452+00:00", "symbol": "DOGE-USD"}, {"trade_id": 139188970, "side": "buy", "size": "5.60000000", "price": "0.19812000", "time": "2025-07-15T23:16:29.119421Z", "fetched_at": "2025-07-15T23:20:19.874452+00:00", "symbol": "DOGE-USD"}, {"trade_id": 139188969, "side": "buy", "size": "55.60000000", "price": "0.19813000", "time": "2025-07-15T23:16:29.119421Z", "fetched_at": "2025-07-15T23:20:19.874452+00:00", "symbol": "DOGE-USD"}, {"trade_id": 139188968, "side": "buy", "size": "56.60000000", "price": "0.19814000", "time": "2025-07-15T23:16:27.109076Z", "fetched_at": "2025-07-15T23:20:19.874452+00:00", "symbol": "DOGE-USD"}, {"trade_id": 139188967, "side": "buy", "size": "5.60000000", "price": "0.19814000", "time": "2025-07-15T23:16:27.109076Z", "fetched_at": "2025-07-15T23:20:19.874452+00:00", "symbol": "DOGE-USD"}, {"trade_id": 139188966, "side": "buy", "size": "2000.00000000", "price": "0.19816000", "time": "2025-07-15T23:16:27.020668Z", "fetched_at": "2025-07-15T23:20:19.874452+00:00", "symbol": "DOGE-USD"}, {"trade_id": 139188965, "side": "buy", "size": "2.20000000", "price": "0.19816000", "time": "2025-07-15T23:16:26.008559Z", "fetched_at": "2025-07-15T23:20:19.874452+00:00", "symbol": "DOGE-USD"}, {"trade_id": 139188964, "side": "buy", "size": "54.40000000", "price": "0.19816000", "time": "2025-07-15T23:16:25.917798Z", "fetched_at": "2025-07-15T23:20:19.874452+00:00", "symbol": "DOGE-USD"}, {"trade_id": 139188963, "side": "buy", "size": "5.60000000", "price": "0.19816000", "time": "2025-07-15T23:16:25.917798Z", "fetched_at": "2025-07-15T23:20:19.874452+00:00", "symbol": "DOGE-USD"}, {"trade_id": 139188962, "side": "buy", "size": "5.60000000", "price": "0.19818000", "time": "2025-07-15T23:16:25.881113Z", "fetched_at": "2025-07-15T23:20:19.874452+00:00", "symbol": "DOGE-USD"}, {"trade_id": 139188961, "side": "buy", "size": "891.60000000", "price": "0.19820000", "time": "2025-07-15T23:16:25.770890Z", "fetched_at": "2025-07-15T23:20:19.874452+00:00", "symbol": "DOGE-USD"}, {"trade_id": 139188960, "side": "buy", "size": "5.60000000", "price": "0.19820000", "time": "2025-07-15T23:16:25.770890Z", "fetched_at": "2025-07-15T23:20:19.874452+00:00", "symbol": "DOGE-USD"}, {"trade_id": 139188959, "side": "buy", "size": "19251.00000000", "price": "0.19821000", "time": "2025-07-15T23:16:25.762534Z", "fetched_at": "2025-07-15T23:20:19.874452+00:00", "symbol": "DOGE-USD"}, {"trade_id": 139188958, "side": "buy", "size": "5.60000000", "price": "0.19822000", "time": "2025-07-15T23:16:25.762534Z", "fetched_at": "2025-07-15T23:20:19.874452+00:00", "symbol": "DOGE-USD"}, {"trade_id": 139188957, "side": "buy", "size": "56.60000000", "price": "0.19823000", "time": "2025-07-15T23:16:25.703428Z", "fetched_at": "2025-07-15T23:20:19.874452+00:00", "symbol": "DOGE-USD"}, {"trade_id": 139188956, "side": "buy", "size": "5.60000000", "price": "0.19824000", "time": "2025-07-15T23:16:25.697509Z", "fetched_at": "2025-07-15T23:20:19.874452+00:00", "symbol": "DOGE-USD"}, {"trade_id": 139188955, "side": "buy", "size": "50.40000000", "price": "0.19827000", "time": "2025-07-15T23:16:23.533124Z", "fetched_at": "2025-07-15T23:20:19.874452+00:00", "symbol": "DOGE-USD"}, {"trade_id": 139188954, "side": "sell", "size": "25938.70000000", "price": "0.19834000", "time": "2025-07-15T23:16:18.687624Z", "fetched_at": "2025-07-15T23:20:19.874452+00:00", "symbol": "DOGE-USD"}, {"trade_id": 139188953, "side": "sell", "size": "47.60000000", "price": "0.19833000", "time": "2025-07-15T23:16:18.687624Z", "fetched_at": "2025-07-15T23:20:19.874452+00:00", "symbol": "DOGE-USD"}, {"trade_id": 139188952, "side": "sell", "size": "1645.90000000", "price": "0.19832000", "time": "2025-07-15T23:16:18.687624Z", "fetched_at": "2025-07-15T23:20:19.874452+00:00", "symbol": "DOGE-USD"}, {"trade_id": 139188951, "side": "sell", "size": "5.60000000", "price": "0.19832000", "time": "2025-07-15T23:16:18.687624Z", "fetched_at": "2025-07-15T23:20:19.874452+00:00", "symbol": "DOGE-USD"}, {"trade_id": 139188950, "side": "sell", "size": "14.50000000", "price": "0.19831000", "time": "2025-07-15T23:16:18.687624Z", "fetched_at": "2025-07-15T23:20:19.874452+00:00", "symbol": "DOGE-USD"}, {"trade_id": 139188949, "side": "sell", "size": "5.60000000", "price": "0.19830000", "time": "2025-07-15T23:16:18.687624Z", "fetched_at": "2025-07-15T23:20:19.874452+00:00", "symbol": "DOGE-USD"}, {"trade_id": 139188948, "side": "sell", "size": "5.60000000", "price": "0.19828000", "time": "2025-07-15T23:16:18.687624Z", "fetched_at": "2025-07-15T23:20:19.874452+00:00", "symbol": "DOGE-USD"}, {"trade_id": 139188947, "side": "sell", "size": "5.60000000", "price": "0.19826000", "time": "2025-07-15T23:16:18.687624Z", "fetched_at": "2025-07-15T23:20:19.874452+00:00", "symbol": "DOGE-USD"}, {"trade_id": 139188946, "side": "sell", "size": "179.60000000", "price": "0.19825000", "time": "2025-07-15T23:16:18.528332Z", "fetched_at": "2025-07-15T23:20:19.874452+00:00", "symbol": "DOGE-USD"}, {"trade_id": 139188945, "side": "sell", "size": "982.50000000", "price": "0.19824000", "time": "2025-07-15T23:16:13.859362Z", "fetched_at": "2025-07-15T23:20:19.874452+00:00", "symbol": "DOGE-USD"}, {"trade_id": 139188944, "side": "sell", "size": "5.60000000", "price": "0.19824000", "time": "2025-07-15T23:16:13.859362Z", "fetched_at": "2025-07-15T23:20:19.874452+00:00", "symbol": "DOGE-USD"}, {"trade_id": 139188943, "side": "sell", "size": "5.50000000", "price": "0.19823000", "time": "2025-07-15T23:16:13.859362Z", "fetched_at": "2025-07-15T23:20:19.874452+00:00", "symbol": "DOGE-USD"}, {"trade_id": 139188942, "side": "sell", "size": "5.60000000", "price": "0.19822000", "time": "2025-07-15T23:16:13.859362Z", "fetched_at": "2025-07-15T23:20:19.874452+00:00", "symbol": "DOGE-USD"}, {"trade_id": 139188941, "side": "sell", "size": "48.70000000", "price": "0.19818000", "time": "2025-07-15T23:16:08.983918Z", "fetched_at": "2025-07-15T23:20:19.874452+00:00", "symbol": "DOGE-USD"}, {"trade_id": 139188940, "side": "buy", "size": "3030.20000000", "price": "0.19818000", "time": "2025-07-15T23:16:08.820913Z", "fetched_at": "2025-07-15T23:20:19.874452+00:00", "symbol": "DOGE-USD"}, {"trade_id": 139188939, "side": "buy", "size": "5.60000000", "price": "0.19818000", "time": "2025-07-15T23:16:08.820913Z", "fetched_at": "2025-07-15T23:20:19.874452+00:00", "symbol": "DOGE-USD"}, {"trade_id": 139188938, "side": "buy", "size": "56.60000000", "price": "0.19819000", "time": "2025-07-15T23:16:08.820913Z", "fetched_at": "2025-07-15T23:20:19.874452+00:00", "symbol": "DOGE-USD"}, {"trade_id": 139188937, "side": "buy", "size": "56.60000000", "price": "0.19819000", "time": "2025-07-15T23:16:08.808292Z", "fetched_at": "2025-07-15T23:20:19.874452+00:00", "symbol": "DOGE-USD"}, {"trade_id": 139188936, "side": "buy", "size": "891.60000000", "price": "0.19819000", "time": "2025-07-15T23:16:08.808292Z", "fetched_at": "2025-07-15T23:20:19.874452+00:00", "symbol": "DOGE-USD"}, {"trade_id": 139188935, "side": "sell", "size": "5.60000000", "price": "0.19822000", "time": "2025-07-15T23:16:06.989441Z", "fetched_at": "2025-07-15T23:20:19.874452+00:00", "symbol": "DOGE-USD"}, {"trade_id": 139188934, "side": "sell", "size": "644.70000000", "price": "0.19820000", "time": "2025-07-15T23:16:06.984862Z", "fetched_at": "2025-07-15T23:20:19.874452+00:00", "symbol": "DOGE-USD"}, {"trade_id": 139188933, "side": "sell", "size": "10475.70000000", "price": "0.19820000", "time": "2025-07-15T23:16:06.983534Z", "fetched_at": "2025-07-15T23:20:19.874452+00:00", "symbol": "DOGE-USD"}, {"trade_id": 139188932, "side": "sell", "size": "1744.30000000", "price": "0.19820000", "time": "2025-07-15T23:16:06.983015Z", "fetched_at": "2025-07-15T23:20:19.874452+00:00", "symbol": "DOGE-USD"}, {"trade_id": 139188931, "side": "sell", "size": "1397.80000000", "price": "0.19820000", "time": "2025-07-15T23:16:06.982170Z", "fetched_at": "2025-07-15T23:20:19.874452+00:00", "symbol": "DOGE-USD"}, {"trade_id": 139188930, "side": "sell", "size": "791.10000000", "price": "0.19820000", "time": "2025-07-15T23:16:06.980665Z", "fetched_at": "2025-07-15T23:20:19.874452+00:00", "symbol": "DOGE-USD"}, {"trade_id": 139188929, "side": "sell", "size": "791.10000000", "price": "0.19820000", "time": "2025-07-15T23:16:06.976653Z", "fetched_at": "2025-07-15T23:20:19.874452+00:00", "symbol": "DOGE-USD"}, {"trade_id": 139188928, "side": "sell", "size": "10311.00000000", "price": "0.19820000", "time": "2025-07-15T23:16:06.974452Z", "fetched_at": "2025-07-15T23:20:19.874452+00:00", "symbol": "DOGE-USD"}, {"trade_id": 139188927, "side": "sell", "size": "6769.10000000", "price": "0.19820000", "time": "2025-07-15T23:16:06.972364Z", "fetched_at": "2025-07-15T23:20:19.874452+00:00", "symbol": "DOGE-USD"}, {"trade_id": 139188926, "side": "sell", "size": "1593.00000000", "price": "0.19820000", "time": "2025-07-15T23:16:06.970721Z", "fetched_at": "2025-07-15T23:20:19.874452+00:00", "symbol": "DOGE-USD"}, {"trade_id": 139188925, "side": "sell", "size": "1669.00000000", "price": "0.19820000", "time": "2025-07-15T23:16:06.970289Z", "fetched_at": "2025-07-15T23:20:19.874452+00:00", "symbol": "DOGE-USD"}, {"trade_id": 139188924, "side": "sell", "size": "791.10000000", "price": "0.19820000", "time": "2025-07-15T23:16:06.970104Z", "fetched_at": "2025-07-15T23:20:19.874452+00:00", "symbol": "DOGE-USD"}, {"trade_id": 139188923, "side": "sell", "size": "1593.00000000", "price": "0.19820000", "time": "2025-07-15T23:16:06.969008Z", "fetched_at": "2025-07-15T23:20:19.874452+00:00", "symbol": "DOGE-USD"}, {"trade_id": 139188922, "side": "sell", "size": "4951.20000000", "price": "0.19820000", "time": "2025-07-15T23:16:06.965267Z", "fetched_at": "2025-07-15T23:20:19.874452+00:00", "symbol": "DOGE-USD"}, {"trade_id": 139188921, "side": "sell", "size": "1593.00000000", "price": "0.19820000", "time": "2025-07-15T23:16:06.964307Z", "fetched_at": "2025-07-15T23:20:19.874452+00:00", "symbol": "DOGE-USD"}, {"trade_id": 139188920, "side": "sell", "size": "791.10000000", "price": "0.19820000", "time": "2025-07-15T23:16:06.963364Z", "fetched_at": "2025-07-15T23:20:19.874452+00:00", "symbol": "DOGE-USD"}, {"trade_id": 139188919, "side": "sell", "size": "361.70000000", "price": "0.19820000", "time": "2025-07-15T23:16:06.963003Z", "fetched_at": "2025-07-15T23:20:19.874452+00:00", "symbol": "DOGE-USD"}, {"trade_id": 139188918, "side": "sell", "size": "5074.40000000", "price": "0.19820000", "time": "2025-07-15T23:16:06.961725Z", "fetched_at": "2025-07-15T23:20:19.874452+00:00", "symbol": "DOGE-USD"}, {"trade_id": 139188917, "side": "sell", "size": "1593.00000000", "price": "0.19820000", "time": "2025-07-15T23:16:06.961638Z", "fetched_at": "2025-07-15T23:20:19.874452+00:00", "symbol": "DOGE-USD"}, {"trade_id": 139188916, "side": "sell", "size": "4878.40000000", "price": "0.19820000", "time": "2025-07-15T23:16:06.960255Z", "fetched_at": "2025-07-15T23:20:19.874452+00:00", "symbol": "DOGE-USD"}, {"trade_id": 139188915, "side": "sell", "size": "55750.40000000", "price": "0.19820000", "time": "2025-07-15T23:16:06.959026Z", "fetched_at": "2025-07-15T23:20:19.874452+00:00", "symbol": "DOGE-USD"}, {"trade_id": 139188914, "side": "sell", "size": "2389.50000000", "price": "0.19820000", "time": "2025-07-15T23:16:06.956822Z", "fetched_at": "2025-07-15T23:20:19.874452+00:00", "symbol": "DOGE-USD"}, {"trade_id": 139188913, "side": "sell", "size": "4594.80000000", "price": "0.19820000", "time": "2025-07-15T23:16:06.956775Z", "fetched_at": "2025-07-15T23:20:19.874452+00:00", "symbol": "DOGE-USD"}, {"trade_id": 139188912, "side": "sell", "size": "369.70000000", "price": "0.19820000", "time": "2025-07-15T23:16:06.955420Z", "fetched_at": "2025-07-15T23:20:19.874452+00:00", "symbol": "DOGE-USD"}, {"trade_id": 139188911, "side": "sell", "size": "8000.00000000", "price": "0.19820000", "time": "2025-07-15T23:16:06.955340Z", "fetched_at": "2025-07-15T23:20:19.874452+00:00", "symbol": "DOGE-USD"}, {"trade_id": 139188910, "side": "sell", "size": "185.50000000", "price": "0.19820000", "time": "2025-07-15T23:16:06.954017Z", "fetched_at": "2025-07-15T23:20:19.874452+00:00", "symbol": "DOGE-USD"}, {"trade_id": 139188909, "side": "sell", "size": "2389.50000000", "price": "0.19820000", "time": "2025-07-15T23:16:06.953667Z", "fetched_at": "2025-07-15T23:20:19.874452+00:00", "symbol": "DOGE-USD"}, {"trade_id": 139188908, "side": "sell", "size": "883.40000000", "price": "0.19820000", "time": "2025-07-15T23:16:06.953425Z", "fetched_at": "2025-07-15T23:20:19.874452+00:00", "symbol": "DOGE-USD"}, {"trade_id": 139188907, "side": "sell", "size": "283.90000000", "price": "0.19820000", "time": "2025-07-15T23:16:06.948490Z", "fetched_at": "2025-07-15T23:20:19.874452+00:00", "symbol": "DOGE-USD"}, {"trade_id": 139188906, "side": "sell", "size": "791.10000000", "price": "0.19820000", "time": "2025-07-15T23:16:06.947822Z", "fetched_at": "2025-07-15T23:20:19.874452+00:00", "symbol": "DOGE-USD"}, {"trade_id": 139188905, "side": "sell", "size": "3669.70000000", "price": "0.19820000", "time": "2025-07-15T23:16:06.947661Z", "fetched_at": "2025-07-15T23:20:19.874452+00:00", "symbol": "DOGE-USD"}, {"trade_id": 139188904, "side": "sell", "size": "15608.70000000", "price": "0.19820000", "time": "2025-07-15T23:16:06.945885Z", "fetched_at": "2025-07-15T23:20:19.874452+00:00", "symbol": "DOGE-USD"}, {"trade_id": 139188903, "side": "sell", "size": "14232.30000000", "price": "0.19820000", "time": "2025-07-15T23:16:06.945165Z", "fetched_at": "2025-07-15T23:20:19.874452+00:00", "symbol": "DOGE-USD"}, {"trade_id": 139188902, "side": "sell", "size": "791.10000000", "price": "0.19820000", "time": "2025-07-15T23:16:06.943918Z", "fetched_at": "2025-07-15T23:20:19.874452+00:00", "symbol": "DOGE-USD"}, {"trade_id": 139188901, "side": "sell", "size": "14732.00000000", "price": "0.19820000", "time": "2025-07-15T23:16:06.943851Z", "fetched_at": "2025-07-15T23:20:19.874452+00:00", "symbol": "DOGE-USD"}, {"trade_id": 139188900, "side": "sell", "size": "5933.20000000", "price": "0.19820000", "time": "2025-07-15T23:16:06.943482Z", "fetched_at": "2025-07-15T23:20:19.874452+00:00", "symbol": "DOGE-USD"}, {"trade_id": 139188899, "side": "sell", "size": "8986.40000000", "price": "0.19820000", "time": "2025-07-15T23:16:06.943082Z", "fetched_at": "2025-07-15T23:20:19.874452+00:00", "symbol": "DOGE-USD"}, {"trade_id": 139188898, "side": "sell", "size": "7019.80000000", "price": "0.19820000", "time": "2025-07-15T23:16:06.938871Z", "fetched_at": "2025-07-15T23:20:19.874452+00:00", "symbol": "DOGE-USD"}, {"trade_id": 139188897, "side": "sell", "size": "2336.20000000", "price": "0.19820000", "time": "2025-07-15T23:16:06.938497Z", "fetched_at": "2025-07-15T23:20:19.874452+00:00", "symbol": "DOGE-USD"}, {"trade_id": 139188896, "side": "sell", "size": "6732.60000000", "price": "0.19820000", "time": "2025-07-15T23:16:06.887987Z", "fetched_at": "2025-07-15T23:20:19.874452+00:00", "symbol": "DOGE-USD"}, {"trade_id": 139188895, "side": "sell", "size": "6258.90000000", "price": "0.19820000", "time": "2025-07-15T23:16:06.885515Z", "fetched_at": "2025-07-15T23:20:19.874452+00:00", "symbol": "DOGE-USD"}, {"trade_id": 139188894, "side": "sell", "size": "1880.30000000", "price": "0.19820000", "time": "2025-07-15T23:16:06.884362Z", "fetched_at": "2025-07-15T23:20:19.874452+00:00", "symbol": "DOGE-USD"}, {"trade_id": 139188893, "side": "sell", "size": "3189.20000000", "price": "0.19820000", "time": "2025-07-15T23:16:06.874170Z", "fetched_at": "2025-07-15T23:20:19.874452+00:00", "symbol": "DOGE-USD"}, {"trade_id": 139188892, "side": "sell", "size": "2293.50000000", "price": "0.19820000", "time": "2025-07-15T23:16:06.873920Z", "fetched_at": "2025-07-15T23:20:19.874452+00:00", "symbol": "DOGE-USD"}, {"trade_id": 139188891, "side": "sell", "size": "3948.40000000", "price": "0.19820000", "time": "2025-07-15T23:16:06.867361Z", "fetched_at": "2025-07-15T23:20:19.874452+00:00", "symbol": "DOGE-USD"}, {"trade_id": 139188890, "side": "sell", "size": "791.10000000", "price": "0.19820000", "time": "2025-07-15T23:16:06.746832Z", "fetched_at": "2025-07-15T23:20:19.874452+00:00", "symbol": "DOGE-USD"}, {"trade_id": 139188889, "side": "sell", "size": "243.70000000", "price": "0.19820000", "time": "2025-07-15T23:16:06.746394Z", "fetched_at": "2025-07-15T23:20:19.874452+00:00", "symbol": "DOGE-USD"}, {"trade_id": 139188888, "side": "sell", "size": "13746.10000000", "price": "0.19820000", "time": "2025-07-15T23:16:06.743485Z", "fetched_at": "2025-07-15T23:20:19.874452+00:00", "symbol": "DOGE-USD"}, {"trade_id": 139188887, "side": "sell", "size": "6890.40000000", "price": "0.19820000", "time": "2025-07-15T23:16:06.742415Z", "fetched_at": "2025-07-15T23:20:19.874452+00:00", "symbol": "DOGE-USD"}, {"trade_id": 139188886, "side": "sell", "size": "791.10000000", "price": "0.19820000", "time": "2025-07-15T23:16:06.742369Z", "fetched_at": "2025-07-15T23:20:19.874452+00:00", "symbol": "DOGE-USD"}, {"trade_id": 139188885, "side": "sell", "size": "232.60000000", "price": "0.19820000", "time": "2025-07-15T23:16:06.742188Z", "fetched_at": "2025-07-15T23:20:19.874452+00:00", "symbol": "DOGE-USD"}, {"trade_id": 139188884, "side": "sell", "size": "4704.90000000", "price": "0.19820000", "time": "2025-07-15T23:16:06.742083Z", "fetched_at": "2025-07-15T23:20:19.874452+00:00", "symbol": "DOGE-USD"}, {"trade_id": 139188883, "side": "sell", "size": "24021.00000000", "price": "0.19820000", "time": "2025-07-15T23:16:06.738548Z", "fetched_at": "2025-07-15T23:20:19.874452+00:00", "symbol": "DOGE-USD"}, {"trade_id": 139188882, "side": "sell", "size": "17762.70000000", "price": "0.19820000", "time": "2025-07-15T23:16:06.738271Z", "fetched_at": "2025-07-15T23:20:19.874452+00:00", "symbol": "DOGE-USD"}, {"trade_id": 139188881, "side": "sell", "size": "13159.10000000", "price": "0.19820000", "time": "2025-07-15T23:16:06.738238Z", "fetched_at": "2025-07-15T23:20:19.874452+00:00", "symbol": "DOGE-USD"}, {"trade_id": 139188880, "side": "sell", "size": "8120.40000000", "price": "0.19820000", "time": "2025-07-15T23:16:06.733734Z", "fetched_at": "2025-07-15T23:20:19.874452+00:00", "symbol": "DOGE-USD"}, {"trade_id": 139188879, "side": "sell", "size": "16198.80000000", "price": "0.19820000", "time": "2025-07-15T23:16:06.730155Z", "fetched_at": "2025-07-15T23:20:19.874452+00:00", "symbol": "DOGE-USD"}, {"trade_id": 139188878, "side": "sell", "size": "5307.40000000", "price": "0.19820000", "time": "2025-07-15T23:16:06.729976Z", "fetched_at": "2025-07-15T23:20:19.874452+00:00", "symbol": "DOGE-USD"}, {"trade_id": 139188877, "side": "sell", "size": "6588.10000000", "price": "0.19820000", "time": "2025-07-15T23:16:05.878589Z", "fetched_at": "2025-07-15T23:20:19.874452+00:00", "symbol": "DOGE-USD"}, {"trade_id": 139188876, "side": "sell", "size": "2533.00000000", "price": "0.19820000", "time": "2025-07-15T23:16:05.867373Z", "fetched_at": "2025-07-15T23:20:19.874452+00:00", "symbol": "DOGE-USD"}, {"trade_id": 139188875, "side": "sell", "size": "2566.00000000", "price": "0.19820000", "time": "2025-07-15T23:16:05.856434Z", "fetched_at": "2025-07-15T23:20:19.874452+00:00", "symbol": "DOGE-USD"}, {"trade_id": 139188874, "side": "sell", "size": "2595.20000000", "price": "0.19820000", "time": "2025-07-15T23:16:05.846872Z", "fetched_at": "2025-07-15T23:20:19.874452+00:00", "symbol": "DOGE-USD"}, {"trade_id": 139188873, "side": "sell", "size": "6080.00000000", "price": "0.19820000", "time": "2025-07-15T23:16:05.824111Z", "fetched_at": "2025-07-15T23:20:19.874452+00:00", "symbol": "DOGE-USD"}, {"trade_id": 139188872, "side": "sell", "size": "5082.70000000", "price": "0.19820000", "time": "2025-07-15T23:16:05.813241Z", "fetched_at": "2025-07-15T23:20:19.874452+00:00", "symbol": "DOGE-USD"}, {"trade_id": 139188871, "side": "sell", "size": "7162.40000000", "price": "0.19820000", "time": "2025-07-15T23:16:05.782005Z", "fetched_at": "2025-07-15T23:20:19.874452+00:00", "symbol": "DOGE-USD"}, {"trade_id": 139188870, "side": "sell", "size": "2926.10000000", "price": "0.19820000", "time": "2025-07-15T23:16:05.770745Z", "fetched_at": "2025-07-15T23:20:19.874452+00:00", "symbol": "DOGE-USD"}, {"trade_id": 139188869, "side": "sell", "size": "2526.20000000", "price": "0.19820000", "time": "2025-07-15T23:16:05.759418Z", "fetched_at": "2025-07-15T23:20:19.874452+00:00", "symbol": "DOGE-USD"}, {"trade_id": 139188868, "side": "sell", "size": "4423.80000000", "price": "0.19820000", "time": "2025-07-15T23:16:05.749319Z", "fetched_at": "2025-07-15T23:20:19.874452+00:00", "symbol": "DOGE-USD"}, {"trade_id": 139188867, "side": "sell", "size": "6374.90000000", "price": "0.19820000", "time": "2025-07-15T23:16:05.731467Z", "fetched_at": "2025-07-15T23:20:19.874452+00:00", "symbol": "DOGE-USD"}, {"trade_id": 139188866, "side": "sell", "size": "2780.90000000", "price": "0.19820000", "time": "2025-07-15T23:16:05.706602Z", "fetched_at": "2025-07-15T23:20:19.874452+00:00", "symbol": "DOGE-USD"}, {"trade_id": 139188865, "side": "sell", "size": "3501.30000000", "price": "0.19820000", "time": "2025-07-15T23:16:05.694901Z", "fetched_at": "2025-07-15T23:20:19.874452+00:00", "symbol": "DOGE-USD"}, {"trade_id": 139188864, "side": "sell", "size": "4921.00000000", "price": "0.19820000", "time": "2025-07-15T23:16:05.681337Z", "fetched_at": "2025-07-15T23:20:19.874452+00:00", "symbol": "DOGE-USD"}, {"trade_id": 139188863, "side": "sell", "size": "7945.20000000", "price": "0.19820000", "time": "2025-07-15T23:16:05.661413Z", "fetched_at": "2025-07-15T23:20:19.874452+00:00", "symbol": "DOGE-USD"}, {"trade_id": 139188862, "side": "sell", "size": "3997.10000000", "price": "0.19820000", "time": "2025-07-15T23:16:05.610064Z", "fetched_at": "2025-07-15T23:20:19.874452+00:00", "symbol": "DOGE-USD"}, {"trade_id": 139188861, "side": "sell", "size": "2925.50000000", "price": "0.19820000", "time": "2025-07-15T23:16:05.594236Z", "fetched_at": "2025-07-15T23:20:19.874452+00:00", "symbol": "DOGE-USD"}, {"trade_id": 139188860, "side": "sell", "size": "3643.50000000", "price": "0.19820000", "time": "2025-07-15T23:16:05.582778Z", "fetched_at": "2025-07-15T23:20:19.874452+00:00", "symbol": "DOGE-USD"}, {"trade_id": 139188859, "side": "sell", "size": "3128.60000000", "price": "0.19820000", "time": "2025-07-15T23:16:05.568883Z", "fetched_at": "2025-07-15T23:20:19.874452+00:00", "symbol": "DOGE-USD"}, {"trade_id": 139188858, "side": "sell", "size": "6621.00000000", "price": "0.19820000", "time": "2025-07-15T23:16:05.556143Z", "fetched_at": "2025-07-15T23:20:19.874452+00:00", "symbol": "DOGE-USD"}, {"trade_id": 139188857, "side": "sell", "size": "5.60000000", "price": "0.19820000", "time": "2025-07-15T23:16:05.556143Z", "fetched_at": "2025-07-15T23:20:19.874452+00:00", "symbol": "DOGE-USD"}, {"trade_id": 139188856, "side": "sell", "size": "13.30000000", "price": "0.19819000", "time": "2025-07-15T23:16:05.369740Z", "fetched_at": "2025-07-15T23:20:19.874452+00:00", "symbol": "DOGE-USD"}, {"trade_id": 139188855, "side": "sell", "size": "13.60000000", "price": "0.19819000", "time": "2025-07-15T23:16:05.314830Z", "fetched_at": "2025-07-15T23:20:19.874452+00:00", "symbol": "DOGE-USD"}, {"trade_id": 139188854, "side": "sell", "size": "111.30000000", "price": "0.19815000", "time": "2025-07-15T23:16:04.475257Z", "fetched_at": "2025-07-15T23:20:19.874452+00:00", "symbol": "DOGE-USD"}, {"trade_id": 139188853, "side": "sell", "size": "11.30000000", "price": "0.19814000", "time": "2025-07-15T23:16:04.475257Z", "fetched_at": "2025-07-15T23:20:19.874452+00:00", "symbol": "DOGE-USD"}, {"trade_id": 139188852, "side": "sell", "size": "13.90000000", "price": "0.19819000", "time": "2025-07-15T23:16:04.195136Z", "fetched_at": "2025-07-15T23:20:19.874452+00:00", "symbol": "DOGE-USD"}, {"trade_id": 139188851, "side": "sell", "size": "6900.00000000", "price": "0.19818000", "time": "2025-07-15T23:16:04.195136Z", "fetched_at": "2025-07-15T23:20:19.874452+00:00", "symbol": "DOGE-USD"}, {"trade_id": 139188850, "side": "sell", "size": "5.60000000", "price": "0.19818000", "time": "2025-07-15T23:16:04.195136Z", "fetched_at": "2025-07-15T23:20:19.874452+00:00", "symbol": "DOGE-USD"}, {"trade_id": 139188849, "side": "sell", "size": "6900.00000000", "price": "0.19817000", "time": "2025-07-15T23:16:04.195136Z", "fetched_at": "2025-07-15T23:20:19.874452+00:00", "symbol": "DOGE-USD"}, {"trade_id": 139188848, "side": "sell", "size": "1634.90000000", "price": "0.19817000", "time": "2025-07-15T23:16:04.195136Z", "fetched_at": "2025-07-15T23:20:19.874452+00:00", "symbol": "DOGE-USD"}