[{"trade_id": 139200738, "side": "buy", "size": "25.60000000", "price": "0.20045000", "time": "2025-07-16T01:10:48.859780Z", "fetched_at": "2025-07-16T01:10:49.467793+00:00", "symbol": "DOGE-USD"}, {"trade_id": 139200737, "side": "sell", "size": "315.40000000", "price": "0.20043000", "time": "2025-07-16T01:10:45.518211Z", "fetched_at": "2025-07-16T01:10:49.467793+00:00", "symbol": "DOGE-USD"}, {"trade_id": 139200736, "side": "sell", "size": "16.00000000", "price": "0.20042000", "time": "2025-07-16T01:10:44.820565Z", "fetched_at": "2025-07-16T01:10:49.467793+00:00", "symbol": "DOGE-USD"}, {"trade_id": 139200735, "side": "buy", "size": "15.30000000", "price": "0.20041000", "time": "2025-07-16T01:10:44.396751Z", "fetched_at": "2025-07-16T01:10:49.467793+00:00", "symbol": "DOGE-USD"}, {"trade_id": 139200734, "side": "buy", "size": "29.90000000", "price": "0.20041000", "time": "2025-07-16T01:10:44.387859Z", "fetched_at": "2025-07-16T01:10:49.467793+00:00", "symbol": "DOGE-USD"}, {"trade_id": 139200733, "side": "buy", "size": "4.80000000", "price": "0.20040000", "time": "2025-07-16T01:10:43.532415Z", "fetched_at": "2025-07-16T01:10:49.467793+00:00", "symbol": "DOGE-USD"}, {"trade_id": 139200732, "side": "buy", "size": "5.50000000", "price": "0.20040000", "time": "2025-07-16T01:10:43.532415Z", "fetched_at": "2025-07-16T01:10:49.467793+00:00", "symbol": "DOGE-USD"}, {"trade_id": 139200731, "side": "buy", "size": "45.80000000", "price": "0.20041000", "time": "2025-07-16T01:10:42.899575Z", "fetched_at": "2025-07-16T01:10:49.467793+00:00", "symbol": "DOGE-USD"}, {"trade_id": 139200730, "side": "buy", "size": "5.50000000", "price": "0.20042000", "time": "2025-07-16T01:10:42.899575Z", "fetched_at": "2025-07-16T01:10:49.467793+00:00", "symbol": "DOGE-USD"}, {"trade_id": 139200729, "side": "buy", "size": "5.50000000", "price": "0.20044000", "time": "2025-07-16T01:10:42.660917Z", "fetched_at": "2025-07-16T01:10:49.467793+00:00", "symbol": "DOGE-USD"}, {"trade_id": 139200728, "side": "buy", "size": "1690.80000000", "price": "0.20046000", "time": "2025-07-16T01:10:42.660917Z", "fetched_at": "2025-07-16T01:10:49.467793+00:00", "symbol": "DOGE-USD"}, {"trade_id": 139200727, "side": "buy", "size": "18.50000000", "price": "0.20046000", "time": "2025-07-16T01:10:42.531178Z", "fetched_at": "2025-07-16T01:10:49.467793+00:00", "symbol": "DOGE-USD"}, {"trade_id": 139200726, "side": "buy", "size": "5.50000000", "price": "0.20046000", "time": "2025-07-16T01:10:42.531178Z", "fetched_at": "2025-07-16T01:10:49.467793+00:00", "symbol": "DOGE-USD"}, {"trade_id": 139200725, "side": "buy", "size": "2099.90000000", "price": "0.20049000", "time": "2025-07-16T01:10:41.308515Z", "fetched_at": "2025-07-16T01:10:49.467793+00:00", "symbol": "DOGE-USD"}, {"trade_id": 139200724, "side": "buy", "size": "0.10000000", "price": "0.20049000", "time": "2025-07-16T01:10:41.308515Z", "fetched_at": "2025-07-16T01:10:49.467793+00:00", "symbol": "DOGE-USD"}, {"trade_id": 139200723, "side": "buy", "size": "6.40000000", "price": "0.20049000", "time": "2025-07-16T01:10:39.464640Z", "fetched_at": "2025-07-16T01:10:49.467793+00:00", "symbol": "DOGE-USD"}, {"trade_id": 139200722, "side": "buy", "size": "2377.90000000", "price": "0.20049000", "time": "2025-07-16T01:10:39.464640Z", "fetched_at": "2025-07-16T01:10:49.467793+00:00", "symbol": "DOGE-USD"}, {"trade_id": 139200721, "side": "buy", "size": "51.30000000", "price": "0.20049000", "time": "2025-07-16T01:10:39.170914Z", "fetched_at": "2025-07-16T01:10:49.467793+00:00", "symbol": "DOGE-USD"}, {"trade_id": 139200720, "side": "buy", "size": "102.90000000", "price": "0.20049000", "time": "2025-07-16T01:10:38.661576Z", "fetched_at": "2025-07-16T01:10:49.467793+00:00", "symbol": "DOGE-USD"}, {"trade_id": 139200719, "side": "buy", "size": "870.80000000", "price": "0.20050000", "time": "2025-07-16T01:10:33.977565Z", "fetched_at": "2025-07-16T01:10:49.467793+00:00", "symbol": "DOGE-USD"}, {"trade_id": 139200718, "side": "buy", "size": "700.00000000", "price": "0.20051000", "time": "2025-07-16T01:10:33.977565Z", "fetched_at": "2025-07-16T01:10:49.467793+00:00", "symbol": "DOGE-USD"}, {"trade_id": 139200717, "side": "buy", "size": "55.90000000", "price": "0.20052000", "time": "2025-07-16T01:10:33.977565Z", "fetched_at": "2025-07-16T01:10:49.467793+00:00", "symbol": "DOGE-USD"}, {"trade_id": 139200716, "side": "buy", "size": "2412.20000000", "price": "0.20054000", "time": "2025-07-16T01:10:33.970452Z", "fetched_at": "2025-07-16T01:10:49.467793+00:00", "symbol": "DOGE-USD"}, {"trade_id": 139200715, "side": "buy", "size": "386.00000000", "price": "0.20054000", "time": "2025-07-16T01:10:33.202372Z", "fetched_at": "2025-07-16T01:10:49.467793+00:00", "symbol": "DOGE-USD"}, {"trade_id": 139200714, "side": "buy", "size": "365.80000000", "price": "0.20053000", "time": "2025-07-16T01:10:32.096615Z", "fetched_at": "2025-07-16T01:10:49.467793+00:00", "symbol": "DOGE-USD"}, {"trade_id": 139200713, "side": "buy", "size": "1634.20000000", "price": "0.20054000", "time": "2025-07-16T01:10:32.096615Z", "fetched_at": "2025-07-16T01:10:49.467793+00:00", "symbol": "DOGE-USD"}, {"trade_id": 139200712, "side": "buy", "size": "10.10000000", "price": "0.20054000", "time": "2025-07-16T01:10:31.182944Z", "fetched_at": "2025-07-16T01:10:49.467793+00:00", "symbol": "DOGE-USD"}, {"trade_id": 139200711, "side": "sell", "size": "121.10000000", "price": "0.20053000", "time": "2025-07-16T01:10:29.601324Z", "fetched_at": "2025-07-16T01:10:49.467793+00:00", "symbol": "DOGE-USD"}, {"trade_id": 139200710, "side": "buy", "size": "154.10000000", "price": "0.20053000", "time": "2025-07-16T01:10:29.127182Z", "fetched_at": "2025-07-16T01:10:49.467793+00:00", "symbol": "DOGE-USD"}, {"trade_id": 139200709, "side": "buy", "size": "77.00000000", "price": "0.20053000", "time": "2025-07-16T01:10:29.018230Z", "fetched_at": "2025-07-16T01:10:49.467793+00:00", "symbol": "DOGE-USD"}, {"trade_id": 139200708, "side": "buy", "size": "20.70000000", "price": "0.20047000", "time": "2025-07-16T01:10:28.246049Z", "fetched_at": "2025-07-16T01:10:49.467793+00:00", "symbol": "DOGE-USD"}, {"trade_id": 139200707, "side": "sell", "size": "2170.80000000", "price": "0.20048000", "time": "2025-07-16T01:10:27.347312Z", "fetched_at": "2025-07-16T01:10:49.467793+00:00", "symbol": "DOGE-USD"}, {"trade_id": 139200706, "side": "sell", "size": "383.50000000", "price": "0.20048000", "time": "2025-07-16T01:10:27.347312Z", "fetched_at": "2025-07-16T01:10:49.467793+00:00", "symbol": "DOGE-USD"}, {"trade_id": 139200705, "side": "sell", "size": "2757.40000000", "price": "0.20048000", "time": "2025-07-16T01:10:27.347312Z", "fetched_at": "2025-07-16T01:10:49.467793+00:00", "symbol": "DOGE-USD"}, {"trade_id": 139200704, "side": "sell", "size": "1884.50000000", "price": "0.20047000", "time": "2025-07-16T01:10:27.347262Z", "fetched_at": "2025-07-16T01:10:49.467793+00:00", "symbol": "DOGE-USD"}, {"trade_id": 139200703, "side": "sell", "size": "1593.00000000", "price": "0.20047000", "time": "2025-07-16T01:10:27.347262Z", "fetched_at": "2025-07-16T01:10:49.467793+00:00", "symbol": "DOGE-USD"}, {"trade_id": 139200702, "side": "sell", "size": "870.80000000", "price": "0.20046000", "time": "2025-07-16T01:10:27.347262Z", "fetched_at": "2025-07-16T01:10:49.467793+00:00", "symbol": "DOGE-USD"}, {"trade_id": 139200701, "side": "buy", "size": "301.10000000", "price": "0.20048000", "time": "2025-07-16T01:10:27.050218Z", "fetched_at": "2025-07-16T01:10:49.467793+00:00", "symbol": "DOGE-USD"}, {"trade_id": 139200700, "side": "buy", "size": "2757.40000000", "price": "0.20048000", "time": "2025-07-16T01:10:27.048270Z", "fetched_at": "2025-07-16T01:10:49.467793+00:00", "symbol": "DOGE-USD"}, {"trade_id": 139200699, "side": "buy", "size": "3.30000000", "price": "0.20048000", "time": "2025-07-16T01:10:26.050605Z", "fetched_at": "2025-07-16T01:10:49.467793+00:00", "symbol": "DOGE-USD"}, {"trade_id": 139200698, "side": "buy", "size": "5.50000000", "price": "0.20048000", "time": "2025-07-16T01:10:26.050605Z", "fetched_at": "2025-07-16T01:10:49.467793+00:00", "symbol": "DOGE-USD"}, {"trade_id": 139200697, "side": "buy", "size": "6.50000000", "price": "0.20048000", "time": "2025-07-16T01:10:26.050605Z", "fetched_at": "2025-07-16T01:10:49.467793+00:00", "symbol": "DOGE-USD"}, {"trade_id": 139200696, "side": "buy", "size": "15.10000000", "price": "0.20052000", "time": "2025-07-16T01:10:22.629294Z", "fetched_at": "2025-07-16T01:10:49.467793+00:00", "symbol": "DOGE-USD"}, {"trade_id": 139200695, "side": "buy", "size": "3056.10000000", "price": "0.20057000", "time": "2025-07-16T01:10:22.093276Z", "fetched_at": "2025-07-16T01:10:49.467793+00:00", "symbol": "DOGE-USD"}, {"trade_id": 139200694, "side": "buy", "size": "206.70000000", "price": "0.20057000", "time": "2025-07-16T01:10:22.091489Z", "fetched_at": "2025-07-16T01:10:49.467793+00:00", "symbol": "DOGE-USD"}, {"trade_id": 139200693, "side": "buy", "size": "10.10000000", "price": "0.20057000", "time": "2025-07-16T01:10:21.926052Z", "fetched_at": "2025-07-16T01:10:49.467793+00:00", "symbol": "DOGE-USD"}, {"trade_id": 139200692, "side": "buy", "size": "10.10000000", "price": "0.20057000", "time": "2025-07-16T01:10:21.447333Z", "fetched_at": "2025-07-16T01:10:49.467793+00:00", "symbol": "DOGE-USD"}, {"trade_id": 139200691, "side": "buy", "size": "103.10000000", "price": "0.20057000", "time": "2025-07-16T01:10:20.856124Z", "fetched_at": "2025-07-16T01:10:49.467793+00:00", "symbol": "DOGE-USD"}, {"trade_id": 139200690, "side": "buy", "size": "206.70000000", "price": "0.20057000", "time": "2025-07-16T01:10:20.248106Z", "fetched_at": "2025-07-16T01:10:49.467793+00:00", "symbol": "DOGE-USD"}, {"trade_id": 139200689, "side": "sell", "size": "5.50000000", "price": "0.20056000", "time": "2025-07-16T01:10:19.947067Z", "fetched_at": "2025-07-16T01:10:49.467793+00:00", "symbol": "DOGE-USD"}, {"trade_id": 139200688, "side": "sell", "size": "0.10000000", "price": "0.20054000", "time": "2025-07-16T01:10:19.734418Z", "fetched_at": "2025-07-16T01:10:49.467793+00:00", "symbol": "DOGE-USD"}, {"trade_id": 139200687, "side": "sell", "size": "5.40000000", "price": "0.20054000", "time": "2025-07-16T01:10:19.570975Z", "fetched_at": "2025-07-16T01:10:49.467793+00:00", "symbol": "DOGE-USD"}, {"trade_id": 139200686, "side": "buy", "size": "3831.90000000", "price": "0.20052000", "time": "2025-07-16T01:10:17.195783Z", "fetched_at": "2025-07-16T01:10:49.467793+00:00", "symbol": "DOGE-USD"}, {"trade_id": 139200685, "side": "sell", "size": "870.80000000", "price": "0.20052000", "time": "2025-07-16T01:10:14.726953Z", "fetched_at": "2025-07-16T01:10:49.467793+00:00", "symbol": "DOGE-USD"}, {"trade_id": 139200684, "side": "sell", "size": "700.00000000", "price": "0.20052000", "time": "2025-07-16T01:10:14.726953Z", "fetched_at": "2025-07-16T01:10:49.467793+00:00", "symbol": "DOGE-USD"}, {"trade_id": 139200683, "side": "sell", "size": "5.50000000", "price": "0.20052000", "time": "2025-07-16T01:10:14.726953Z", "fetched_at": "2025-07-16T01:10:49.467793+00:00", "symbol": "DOGE-USD"}, {"trade_id": 139200682, "side": "sell", "size": "5.50000000", "price": "0.20050000", "time": "2025-07-16T01:10:14.726953Z", "fetched_at": "2025-07-16T01:10:49.467793+00:00", "symbol": "DOGE-USD"}, {"trade_id": 139200681, "side": "sell", "size": "473.20000000", "price": "0.20047000", "time": "2025-07-16T01:10:05.726154Z", "fetched_at": "2025-07-16T01:10:49.467793+00:00", "symbol": "DOGE-USD"}, {"trade_id": 139200680, "side": "sell", "size": "6.60000000", "price": "0.20047000", "time": "2025-07-16T01:10:05.040324Z", "fetched_at": "2025-07-16T01:10:49.467793+00:00", "symbol": "DOGE-USD"}, {"trade_id": 139200679, "side": "buy", "size": "35.90000000", "price": "0.20046000", "time": "2025-07-16T01:10:03.539503Z", "fetched_at": "2025-07-16T01:10:49.467793+00:00", "symbol": "DOGE-USD"}, {"trade_id": 139200678, "side": "buy", "size": "2384.30000000", "price": "0.20049000", "time": "2025-07-16T01:10:02.172852Z", "fetched_at": "2025-07-16T01:10:49.467793+00:00", "symbol": "DOGE-USD"}, {"trade_id": 139200677, "side": "buy", "size": "1416.50000000", "price": "0.20049000", "time": "2025-07-16T01:10:02.169852Z", "fetched_at": "2025-07-16T01:10:49.467793+00:00", "symbol": "DOGE-USD"}, {"trade_id": 139200676, "side": "sell", "size": "5.50000000", "price": "0.20050000", "time": "2025-07-16T01:10:00.668820Z", "fetched_at": "2025-07-16T01:10:49.467793+00:00", "symbol": "DOGE-USD"}, {"trade_id": 139200675, "side": "buy", "size": "403.80000000", "price": "0.20049000", "time": "2025-07-16T01:09:58.822669Z", "fetched_at": "2025-07-16T01:10:49.467793+00:00", "symbol": "DOGE-USD"}, {"trade_id": 139200674, "side": "buy", "size": "336.50000000", "price": "0.20049000", "time": "2025-07-16T01:09:58.822669Z", "fetched_at": "2025-07-16T01:10:49.467793+00:00", "symbol": "DOGE-USD"}, {"trade_id": 139200673, "side": "sell", "size": "871.70000000", "price": "0.20048000", "time": "2025-07-16T01:09:58.564750Z", "fetched_at": "2025-07-16T01:10:49.467793+00:00", "symbol": "DOGE-USD"}, {"trade_id": 139200672, "side": "sell", "size": "5.50000000", "price": "0.20048000", "time": "2025-07-16T01:09:58.564750Z", "fetched_at": "2025-07-16T01:10:49.467793+00:00", "symbol": "DOGE-USD"}, {"trade_id": 139200671, "side": "sell", "size": "5.20000000", "price": "0.20047000", "time": "2025-07-16T01:09:58.564750Z", "fetched_at": "2025-07-16T01:10:49.467793+00:00", "symbol": "DOGE-USD"}, {"trade_id": 139200670, "side": "sell", "size": "871.70000000", "price": "0.20046000", "time": "2025-07-16T01:09:57.755785Z", "fetched_at": "2025-07-16T01:10:49.467793+00:00", "symbol": "DOGE-USD"}, {"trade_id": 139200669, "side": "sell", "size": "871.70000000", "price": "0.20046000", "time": "2025-07-16T01:09:57.755785Z", "fetched_at": "2025-07-16T01:10:49.467793+00:00", "symbol": "DOGE-USD"}, {"trade_id": 139200668, "side": "sell", "size": "5.50000000", "price": "0.20046000", "time": "2025-07-16T01:09:57.755785Z", "fetched_at": "2025-07-16T01:10:49.467793+00:00", "symbol": "DOGE-USD"}, {"trade_id": 139200667, "side": "buy", "size": "2766.30000000", "price": "0.20040000", "time": "2025-07-16T01:09:55.638245Z", "fetched_at": "2025-07-16T01:10:49.467793+00:00", "symbol": "DOGE-USD"}, {"trade_id": 139200666, "side": "buy", "size": "359.80000000", "price": "0.20041000", "time": "2025-07-16T01:09:55.638245Z", "fetched_at": "2025-07-16T01:10:49.467793+00:00", "symbol": "DOGE-USD"}, {"trade_id": 139200665, "side": "buy", "size": "25.00000000", "price": "0.20043000", "time": "2025-07-16T01:09:55.638245Z", "fetched_at": "2025-07-16T01:10:49.467793+00:00", "symbol": "DOGE-USD"}, {"trade_id": 139200664, "side": "buy", "size": "1046.70000000", "price": "0.20041000", "time": "2025-07-16T01:09:53.615361Z", "fetched_at": "2025-07-16T01:10:49.467793+00:00", "symbol": "DOGE-USD"}, {"trade_id": 139200663, "side": "buy", "size": "700.00000000", "price": "0.20042000", "time": "2025-07-16T01:09:53.615361Z", "fetched_at": "2025-07-16T01:10:49.467793+00:00", "symbol": "DOGE-USD"}, {"trade_id": 139200662, "side": "buy", "size": "277.20000000", "price": "0.20043000", "time": "2025-07-16T01:09:53.615361Z", "fetched_at": "2025-07-16T01:10:49.467793+00:00", "symbol": "DOGE-USD"}, {"trade_id": 139200661, "side": "buy", "size": "1469.10000000", "price": "0.20043000", "time": "2025-07-16T01:09:53.615361Z", "fetched_at": "2025-07-16T01:10:49.467793+00:00", "symbol": "DOGE-USD"}, {"trade_id": 139200660, "side": "sell", "size": "166.80000000", "price": "0.20044000", "time": "2025-07-16T01:09:52.581758Z", "fetched_at": "2025-07-16T01:10:49.467793+00:00", "symbol": "DOGE-USD"}, {"trade_id": 139200659, "side": "sell", "size": "12.40000000", "price": "0.20045000", "time": "2025-07-16T01:09:52.283890Z", "fetched_at": "2025-07-16T01:10:49.467793+00:00", "symbol": "DOGE-USD"}, {"trade_id": 139200658, "side": "sell", "size": "5.50000000", "price": "0.20044000", "time": "2025-07-16T01:09:52.283890Z", "fetched_at": "2025-07-16T01:10:49.467793+00:00", "symbol": "DOGE-USD"}, {"trade_id": 139200657, "side": "sell", "size": "5.50000000", "price": "0.20042000", "time": "2025-07-16T01:09:52.283890Z", "fetched_at": "2025-07-16T01:10:49.467793+00:00", "symbol": "DOGE-USD"}, {"trade_id": 139200656, "side": "buy", "size": "66.70000000", "price": "0.20040000", "time": "2025-07-16T01:09:52.077185Z", "fetched_at": "2025-07-16T01:10:49.467793+00:00", "symbol": "DOGE-USD"}, {"trade_id": 139200655, "side": "buy", "size": "1634.00000000", "price": "0.20040000", "time": "2025-07-16T01:09:52.077185Z", "fetched_at": "2025-07-16T01:10:49.467793+00:00", "symbol": "DOGE-USD"}, {"trade_id": 139200654, "side": "buy", "size": "700.00000000", "price": "0.20041000", "time": "2025-07-16T01:09:52.077185Z", "fetched_at": "2025-07-16T01:10:49.467793+00:00", "symbol": "DOGE-USD"}, {"trade_id": 139200653, "side": "buy", "size": "1658.50000000", "price": "0.20041000", "time": "2025-07-16T01:09:52.077185Z", "fetched_at": "2025-07-16T01:10:49.467793+00:00", "symbol": "DOGE-USD"}, {"trade_id": 139200652, "side": "buy", "size": "277.20000000", "price": "0.20041000", "time": "2025-07-16T01:09:52.077185Z", "fetched_at": "2025-07-16T01:10:49.467793+00:00", "symbol": "DOGE-USD"}, {"trade_id": 139200651, "side": "buy", "size": "336.50000000", "price": "0.20041000", "time": "2025-07-16T01:09:52.077185Z", "fetched_at": "2025-07-16T01:10:49.467793+00:00", "symbol": "DOGE-USD"}, {"trade_id": 139200650, "side": "sell", "size": "6.80000000", "price": "0.20041000", "time": "2025-07-16T01:09:51.977772Z", "fetched_at": "2025-07-16T01:10:49.467793+00:00", "symbol": "DOGE-USD"}, {"trade_id": 139200649, "side": "sell", "size": "2008.10000000", "price": "0.20041000", "time": "2025-07-16T01:09:49.392112Z", "fetched_at": "2025-07-16T01:10:49.467793+00:00", "symbol": "DOGE-USD"}, {"trade_id": 139200648, "side": "sell", "size": "2436.50000000", "price": "0.20041000", "time": "2025-07-16T01:09:49.392112Z", "fetched_at": "2025-07-16T01:10:49.467793+00:00", "symbol": "DOGE-USD"}, {"trade_id": 139200647, "side": "sell", "size": "3705.50000000", "price": "0.20041000", "time": "2025-07-16T01:09:49.392112Z", "fetched_at": "2025-07-16T01:10:49.467793+00:00", "symbol": "DOGE-USD"}, {"trade_id": 139200646, "side": "sell", "size": "3103.80000000", "price": "0.20041000", "time": "2025-07-16T01:09:49.392112Z", "fetched_at": "2025-07-16T01:10:49.467793+00:00", "symbol": "DOGE-USD"}, {"trade_id": 139200645, "side": "sell", "size": "18764.10000000", "price": "0.20041000", "time": "2025-07-16T01:09:49.392112Z", "fetched_at": "2025-07-16T01:10:49.467793+00:00", "symbol": "DOGE-USD"}, {"trade_id": 139200644, "side": "sell", "size": "1426.50000000", "price": "0.20040000", "time": "2025-07-16T01:09:49.392112Z", "fetched_at": "2025-07-16T01:10:49.467793+00:00", "symbol": "DOGE-USD"}, {"trade_id": 139200643, "side": "sell", "size": "12726.10000000", "price": "0.20040000", "time": "2025-07-16T01:09:49.392112Z", "fetched_at": "2025-07-16T01:10:49.467793+00:00", "symbol": "DOGE-USD"}, {"trade_id": 139200642, "side": "sell", "size": "1593.00000000", "price": "0.20040000", "time": "2025-07-16T01:09:49.392112Z", "fetched_at": "2025-07-16T01:10:49.467793+00:00", "symbol": "DOGE-USD"}, {"trade_id": 139200641, "side": "sell", "size": "5.50000000", "price": "0.20040000", "time": "2025-07-16T01:09:49.392112Z", "fetched_at": "2025-07-16T01:10:49.467793+00:00", "symbol": "DOGE-USD"}, {"trade_id": 139200640, "side": "sell", "size": "1815.00000000", "price": "0.20039000", "time": "2025-07-16T01:09:49.392112Z", "fetched_at": "2025-07-16T01:10:49.467793+00:00", "symbol": "DOGE-USD"}, {"trade_id": 139200639, "side": "sell", "size": "871.70000000", "price": "0.20038000", "time": "2025-07-16T01:09:49.392112Z", "fetched_at": "2025-07-16T01:10:49.467793+00:00", "symbol": "DOGE-USD"}, {"trade_id": 139200638, "side": "sell", "size": "7.40000000", "price": "0.20035000", "time": "2025-07-16T01:09:49.146197Z", "fetched_at": "2025-07-16T01:10:49.467793+00:00", "symbol": "DOGE-USD"}, {"trade_id": 139200637, "side": "sell", "size": "5.50000000", "price": "0.20034000", "time": "2025-07-16T01:09:47.817611Z", "fetched_at": "2025-07-16T01:10:49.467793+00:00", "symbol": "DOGE-USD"}, {"trade_id": 139200636, "side": "sell", "size": "2995.90000000", "price": "0.20033000", "time": "2025-07-16T01:09:47.690966Z", "fetched_at": "2025-07-16T01:10:49.467793+00:00", "symbol": "DOGE-USD"}, {"trade_id": 139200635, "side": "sell", "size": "871.70000000", "price": "0.20032000", "time": "2025-07-16T01:09:47.656658Z", "fetched_at": "2025-07-16T01:10:49.467793+00:00", "symbol": "DOGE-USD"}, {"trade_id": 139200634, "side": "sell", "size": "700.00000000", "price": "0.20032000", "time": "2025-07-16T01:09:47.652321Z", "fetched_at": "2025-07-16T01:10:49.467793+00:00", "symbol": "DOGE-USD"}, {"trade_id": 139200633, "side": "sell", "size": "6.60000000", "price": "0.20032000", "time": "2025-07-16T01:09:47.652321Z", "fetched_at": "2025-07-16T01:10:49.467793+00:00", "symbol": "DOGE-USD"}, {"trade_id": 139200632, "side": "sell", "size": "871.70000000", "price": "0.20031000", "time": "2025-07-16T01:09:47.652321Z", "fetched_at": "2025-07-16T01:10:49.467793+00:00", "symbol": "DOGE-USD"}, {"trade_id": 139200631, "side": "sell", "size": "23.90000000", "price": "0.20030000", "time": "2025-07-16T01:09:47.652321Z", "fetched_at": "2025-07-16T01:10:49.467793+00:00", "symbol": "DOGE-USD"}, {"trade_id": 139200630, "side": "buy", "size": "700.00000000", "price": "0.20029000", "time": "2025-07-16T01:09:45.887838Z", "fetched_at": "2025-07-16T01:10:49.467793+00:00", "symbol": "DOGE-USD"}, {"trade_id": 139200629, "side": "buy", "size": "44.70000000", "price": "0.20029000", "time": "2025-07-16T01:09:45.887838Z", "fetched_at": "2025-07-16T01:10:49.467793+00:00", "symbol": "DOGE-USD"}, {"trade_id": 139200628, "side": "buy", "size": "1593.00000000", "price": "0.20030000", "time": "2025-07-16T01:09:45.887725Z", "fetched_at": "2025-07-16T01:10:49.467793+00:00", "symbol": "DOGE-USD"}, {"trade_id": 139200627, "side": "buy", "size": "5.50000000", "price": "0.20030000", "time": "2025-07-16T01:09:45.887725Z", "fetched_at": "2025-07-16T01:10:49.467793+00:00", "symbol": "DOGE-USD"}, {"trade_id": 139200626, "side": "buy", "size": "2045.40000000", "price": "0.20034000", "time": "2025-07-16T01:09:45.833516Z", "fetched_at": "2025-07-16T01:10:49.467793+00:00", "symbol": "DOGE-USD"}, {"trade_id": 139200625, "side": "sell", "size": "1570.30000000", "price": "0.20034000", "time": "2025-07-16T01:09:45.318253Z", "fetched_at": "2025-07-16T01:10:49.467793+00:00", "symbol": "DOGE-USD"}, {"trade_id": 139200624, "side": "sell", "size": "3.50000000", "price": "0.20034000", "time": "2025-07-16T01:09:45.262944Z", "fetched_at": "2025-07-16T01:10:49.467793+00:00", "symbol": "DOGE-USD"}, {"trade_id": 139200623, "side": "sell", "size": "18.30000000", "price": "0.20034000", "time": "2025-07-16T01:09:45.244470Z", "fetched_at": "2025-07-16T01:10:49.467793+00:00", "symbol": "DOGE-USD"}, {"trade_id": 139200622, "side": "sell", "size": "2804.90000000", "price": "0.20038000", "time": "2025-07-16T01:09:42.484839Z", "fetched_at": "2025-07-16T01:10:49.467793+00:00", "symbol": "DOGE-USD"}, {"trade_id": 139200621, "side": "sell", "size": "871.70000000", "price": "0.20037000", "time": "2025-07-16T01:09:42.484839Z", "fetched_at": "2025-07-16T01:10:49.467793+00:00", "symbol": "DOGE-USD"}, {"trade_id": 139200620, "side": "sell", "size": "6300.70000000", "price": "0.20037000", "time": "2025-07-16T01:09:42.484839Z", "fetched_at": "2025-07-16T01:10:49.467793+00:00", "symbol": "DOGE-USD"}, {"trade_id": 139200619, "side": "sell", "size": "22.70000000", "price": "0.20036000", "time": "2025-07-16T01:09:42.484839Z", "fetched_at": "2025-07-16T01:10:49.467793+00:00", "symbol": "DOGE-USD"}, {"trade_id": 139200618, "side": "buy", "size": "1013.80000000", "price": "0.20033000", "time": "2025-07-16T01:09:42.027476Z", "fetched_at": "2025-07-16T01:10:49.467793+00:00", "symbol": "DOGE-USD"}, {"trade_id": 139200617, "side": "buy", "size": "1593.00000000", "price": "0.20033000", "time": "2025-07-16T01:09:42.027476Z", "fetched_at": "2025-07-16T01:10:49.467793+00:00", "symbol": "DOGE-USD"}, {"trade_id": 139200616, "side": "buy", "size": "336.50000000", "price": "0.20034000", "time": "2025-07-16T01:09:42.027476Z", "fetched_at": "2025-07-16T01:10:49.467793+00:00", "symbol": "DOGE-USD"}, {"trade_id": 139200615, "side": "sell", "size": "1354.30000000", "price": "0.20037000", "time": "2025-07-16T01:09:41.866088Z", "fetched_at": "2025-07-16T01:10:49.467793+00:00", "symbol": "DOGE-USD"}, {"trade_id": 139200614, "side": "sell", "size": "871.70000000", "price": "0.20037000", "time": "2025-07-16T01:09:41.866088Z", "fetched_at": "2025-07-16T01:10:49.467793+00:00", "symbol": "DOGE-USD"}, {"trade_id": 139200613, "side": "sell", "size": "700.00000000", "price": "0.20036000", "time": "2025-07-16T01:09:41.866088Z", "fetched_at": "2025-07-16T01:10:49.467793+00:00", "symbol": "DOGE-USD"}, {"trade_id": 139200612, "side": "sell", "size": "17.30000000", "price": "0.20035000", "time": "2025-07-16T01:09:41.866088Z", "fetched_at": "2025-07-16T01:10:49.467793+00:00", "symbol": "DOGE-USD"}, {"trade_id": 139200611, "side": "buy", "size": "5530.60000000", "price": "0.20031000", "time": "2025-07-16T01:09:41.797519Z", "fetched_at": "2025-07-16T01:10:49.467793+00:00", "symbol": "DOGE-USD"}, {"trade_id": 139200610, "side": "buy", "size": "250.40000000", "price": "0.20031000", "time": "2025-07-16T01:09:41.797519Z", "fetched_at": "2025-07-16T01:10:49.467793+00:00", "symbol": "DOGE-USD"}, {"trade_id": 139200609, "side": "buy", "size": "3572.00000000", "price": "0.20032000", "time": "2025-07-16T01:09:41.797519Z", "fetched_at": "2025-07-16T01:10:49.467793+00:00", "symbol": "DOGE-USD"}, {"trade_id": 139200608, "side": "buy", "size": "4242.70000000", "price": "0.20032000", "time": "2025-07-16T01:09:41.797519Z", "fetched_at": "2025-07-16T01:10:49.467793+00:00", "symbol": "DOGE-USD"}, {"trade_id": 139200607, "side": "buy", "size": "1612.30000000", "price": "0.20032000", "time": "2025-07-16T01:09:41.797519Z", "fetched_at": "2025-07-16T01:10:49.467793+00:00", "symbol": "DOGE-USD"}, {"trade_id": 139200606, "side": "buy", "size": "5.50000000", "price": "0.20032000", "time": "2025-07-16T01:09:41.797519Z", "fetched_at": "2025-07-16T01:10:49.467793+00:00", "symbol": "DOGE-USD"}, {"trade_id": 139200605, "side": "buy", "size": "1635.40000000", "price": "0.20033000", "time": "2025-07-16T01:09:41.797519Z", "fetched_at": "2025-07-16T01:10:49.467793+00:00", "symbol": "DOGE-USD"}, {"trade_id": 139200604, "side": "buy", "size": "56.00000000", "price": "0.20033000", "time": "2025-07-16T01:09:41.797519Z", "fetched_at": "2025-07-16T01:10:49.467793+00:00", "symbol": "DOGE-USD"}, {"trade_id": 139200603, "side": "buy", "size": "1593.00000000", "price": "0.20033000", "time": "2025-07-16T01:09:41.797519Z", "fetched_at": "2025-07-16T01:10:49.467793+00:00", "symbol": "DOGE-USD"}, {"trade_id": 139200602, "side": "buy", "size": "700.00000000", "price": "0.20034000", "time": "2025-07-16T01:09:41.797519Z", "fetched_at": "2025-07-16T01:10:49.467793+00:00", "symbol": "DOGE-USD"}, {"trade_id": 139200601, "side": "buy", "size": "5.50000000", "price": "0.20034000", "time": "2025-07-16T01:09:41.797519Z", "fetched_at": "2025-07-16T01:10:49.467793+00:00", "symbol": "DOGE-USD"}, {"trade_id": 139200600, "side": "buy", "size": "3467.70000000", "price": "0.20036000", "time": "2025-07-16T01:09:41.797519Z", "fetched_at": "2025-07-16T01:10:49.467793+00:00", "symbol": "DOGE-USD"}, {"trade_id": 139200599, "side": "buy", "size": "5.50000000", "price": "0.20036000", "time": "2025-07-16T01:09:41.797519Z", "fetched_at": "2025-07-16T01:10:49.467793+00:00", "symbol": "DOGE-USD"}, {"trade_id": 139200598, "side": "sell", "size": "276.30000000", "price": "0.20037000", "time": "2025-07-16T01:09:41.623361Z", "fetched_at": "2025-07-16T01:10:49.467793+00:00", "symbol": "DOGE-USD"}, {"trade_id": 139200597, "side": "sell", "size": "94.60000000", "price": "0.20037000", "time": "2025-07-16T01:09:41.553520Z", "fetched_at": "2025-07-16T01:10:49.467793+00:00", "symbol": "DOGE-USD"}, {"trade_id": 139200596, "side": "sell", "size": "62.40000000", "price": "0.20040000", "time": "2025-07-16T01:09:41.286599Z", "fetched_at": "2025-07-16T01:10:49.467793+00:00", "symbol": "DOGE-USD"}, {"trade_id": 139200595, "side": "sell", "size": "8.50000000", "price": "0.20039000", "time": "2025-07-16T01:09:41.286599Z", "fetched_at": "2025-07-16T01:10:49.467793+00:00", "symbol": "DOGE-USD"}, {"trade_id": 139200594, "side": "sell", "size": "118.30000000", "price": "0.20041000", "time": "2025-07-16T01:09:41.185981Z", "fetched_at": "2025-07-16T01:10:49.467793+00:00", "symbol": "DOGE-USD"}, {"trade_id": 139200593, "side": "sell", "size": "10.00000000", "price": "0.20040000", "time": "2025-07-16T01:09:41.185981Z", "fetched_at": "2025-07-16T01:10:49.467793+00:00", "symbol": "DOGE-USD"}, {"trade_id": 139200592, "side": "sell", "size": "871.70000000", "price": "0.20038000", "time": "2025-07-16T01:09:41.185981Z", "fetched_at": "2025-07-16T01:10:49.467793+00:00", "symbol": "DOGE-USD"}, {"trade_id": 139200591, "side": "sell", "size": "995.70000000", "price": "0.20038000", "time": "2025-07-16T01:09:40.559334Z", "fetched_at": "2025-07-16T01:10:49.467793+00:00", "symbol": "DOGE-USD"}, {"trade_id": 139200590, "side": "sell", "size": "865.20000000", "price": "0.20037000", "time": "2025-07-16T01:09:40.559334Z", "fetched_at": "2025-07-16T01:10:49.467793+00:00", "symbol": "DOGE-USD"}, {"trade_id": 139200589, "side": "sell", "size": "315.40000000", "price": "0.20037000", "time": "2025-07-16T01:09:40.559334Z", "fetched_at": "2025-07-16T01:10:49.467793+00:00", "symbol": "DOGE-USD"}, {"trade_id": 139200588, "side": "sell", "size": "767.00000000", "price": "0.20037000", "time": "2025-07-16T01:09:40.559334Z", "fetched_at": "2025-07-16T01:10:49.467793+00:00", "symbol": "DOGE-USD"}, {"trade_id": 139200587, "side": "buy", "size": "3807.10000000", "price": "0.20037000", "time": "2025-07-16T01:09:40.506312Z", "fetched_at": "2025-07-16T01:10:49.467793+00:00", "symbol": "DOGE-USD"}, {"trade_id": 139200586, "side": "sell", "size": "23.60000000", "price": "0.20037000", "time": "2025-07-16T01:09:40.413216Z", "fetched_at": "2025-07-16T01:10:49.467793+00:00", "symbol": "DOGE-USD"}, {"trade_id": 139200585, "side": "sell", "size": "277.20000000", "price": "0.20037000", "time": "2025-07-16T01:09:40.413216Z", "fetched_at": "2025-07-16T01:10:49.467793+00:00", "symbol": "DOGE-USD"}, {"trade_id": 139200584, "side": "buy", "size": "5.50000000", "price": "0.20038000", "time": "2025-07-16T01:09:40.264636Z", "fetched_at": "2025-07-16T01:10:49.467793+00:00", "symbol": "DOGE-USD"}, {"trade_id": 139200583, "side": "buy", "size": "5.50000000", "price": "0.20040000", "time": "2025-07-16T01:09:40.213432Z", "fetched_at": "2025-07-16T01:10:49.467793+00:00", "symbol": "DOGE-USD"}, {"trade_id": 139200582, "side": "buy", "size": "0.30000000", "price": "0.20041000", "time": "2025-07-16T01:09:40.213432Z", "fetched_at": "2025-07-16T01:10:49.467793+00:00", "symbol": "DOGE-USD"}, {"trade_id": 139200581, "side": "buy", "size": "4126.80000000", "price": "0.20042000", "time": "2025-07-16T01:09:40.175386Z", "fetched_at": "2025-07-16T01:10:49.467793+00:00", "symbol": "DOGE-USD"}, {"trade_id": 139200580, "side": "buy", "size": "5.50000000", "price": "0.20042000", "time": "2025-07-16T01:09:40.175386Z", "fetched_at": "2025-07-16T01:10:49.467793+00:00", "symbol": "DOGE-USD"}, {"trade_id": 139200579, "side": "buy", "size": "5.50000000", "price": "0.20044000", "time": "2025-07-16T01:09:38.341901Z", "fetched_at": "2025-07-16T01:10:49.467793+00:00", "symbol": "DOGE-USD"}, {"trade_id": 139200578, "side": "buy", "size": "2504.40000000", "price": "0.20046000", "time": "2025-07-16T01:09:38.307734Z", "fetched_at": "2025-07-16T01:10:49.467793+00:00", "symbol": "DOGE-USD"}, {"trade_id": 139200577, "side": "sell", "size": "865.20000000", "price": "0.20046000", "time": "2025-07-16T01:09:38.158388Z", "fetched_at": "2025-07-16T01:10:49.467793+00:00", "symbol": "DOGE-USD"}, {"trade_id": 139200576, "side": "sell", "size": "865.20000000", "price": "0.20046000", "time": "2025-07-16T01:09:38.130822Z", "fetched_at": "2025-07-16T01:10:49.467793+00:00", "symbol": "DOGE-USD"}, {"trade_id": 139200575, "side": "sell", "size": "29.00000000", "price": "0.20045000", "time": "2025-07-16T01:09:38.130822Z", "fetched_at": "2025-07-16T01:10:49.467793+00:00", "symbol": "DOGE-USD"}, {"trade_id": 139200574, "side": "buy", "size": "5.50000000", "price": "0.20046000", "time": "2025-07-16T01:09:38.061769Z", "fetched_at": "2025-07-16T01:10:49.467793+00:00", "symbol": "DOGE-USD"}, {"trade_id": 139200573, "side": "buy", "size": "466.00000000", "price": "0.20051000", "time": "2025-07-16T01:09:37.003876Z", "fetched_at": "2025-07-16T01:10:49.467793+00:00", "symbol": "DOGE-USD"}, {"trade_id": 139200572, "side": "buy", "size": "449.40000000", "price": "0.20047000", "time": "2025-07-16T01:09:33.891679Z", "fetched_at": "2025-07-16T01:10:49.467793+00:00", "symbol": "DOGE-USD"}, {"trade_id": 139200571, "side": "sell", "size": "315.00000000", "price": "0.20054000", "time": "2025-07-16T01:09:32.995728Z", "fetched_at": "2025-07-16T01:10:49.467793+00:00", "symbol": "DOGE-USD"}, {"trade_id": 139200570, "side": "sell", "size": "18888.70000000", "price": "0.20052000", "time": "2025-07-16T01:09:32.039368Z", "fetched_at": "2025-07-16T01:10:49.467793+00:00", "symbol": "DOGE-USD"}, {"trade_id": 139200569, "side": "sell", "size": "5178.20000000", "price": "0.20050000", "time": "2025-07-16T01:09:31.965221Z", "fetched_at": "2025-07-16T01:10:49.467793+00:00", "symbol": "DOGE-USD"}, {"trade_id": 139200568, "side": "sell", "size": "35.50000000", "price": "0.20049000", "time": "2025-07-16T01:09:31.965221Z", "fetched_at": "2025-07-16T01:10:49.467793+00:00", "symbol": "DOGE-USD"}, {"trade_id": 139200567, "side": "buy", "size": "885.20000000", "price": "0.20047000", "time": "2025-07-16T01:09:30.083365Z", "fetched_at": "2025-07-16T01:10:49.467793+00:00", "symbol": "DOGE-USD"}, {"trade_id": 139200566, "side": "buy", "size": "3011.20000000", "price": "0.20047000", "time": "2025-07-16T01:09:30.082110Z", "fetched_at": "2025-07-16T01:10:49.467793+00:00", "symbol": "DOGE-USD"}, {"trade_id": 139200565, "side": "sell", "size": "32.80000000", "price": "0.20048000", "time": "2025-07-16T01:09:28.815542Z", "fetched_at": "2025-07-16T01:10:49.467793+00:00", "symbol": "DOGE-USD"}, {"trade_id": 139200564, "side": "sell", "size": "500.00000000", "price": "0.20048000", "time": "2025-07-16T01:09:28.815542Z", "fetched_at": "2025-07-16T01:10:49.467793+00:00", "symbol": "DOGE-USD"}, {"trade_id": 139200563, "side": "sell", "size": "700.00000000", "price": "0.20044000", "time": "2025-07-16T01:09:26.467663Z", "fetched_at": "2025-07-16T01:10:49.467793+00:00", "symbol": "DOGE-USD"}, {"trade_id": 139200562, "side": "sell", "size": "33.80000000", "price": "0.20042000", "time": "2025-07-16T01:09:26.406125Z", "fetched_at": "2025-07-16T01:10:49.467793+00:00", "symbol": "DOGE-USD"}, {"trade_id": 139200561, "side": "sell", "size": "4677.40000000", "price": "0.20046000", "time": "2025-07-16T01:09:26.367012Z", "fetched_at": "2025-07-16T01:10:49.467793+00:00", "symbol": "DOGE-USD"}, {"trade_id": 139200560, "side": "sell", "size": "6114.90000000", "price": "0.20045000", "time": "2025-07-16T01:09:26.362496Z", "fetched_at": "2025-07-16T01:10:49.467793+00:00", "symbol": "DOGE-USD"}, {"trade_id": 139200559, "side": "sell", "size": "700.00000000", "price": "0.20043000", "time": "2025-07-16T01:09:26.362496Z", "fetched_at": "2025-07-16T01:10:49.467793+00:00", "symbol": "DOGE-USD"}, {"trade_id": 139200558, "side": "sell", "size": "473.10000000", "price": "0.20043000", "time": "2025-07-16T01:09:26.282670Z", "fetched_at": "2025-07-16T01:10:49.467793+00:00", "symbol": "DOGE-USD"}, {"trade_id": 139200557, "side": "sell", "size": "6.80000000", "price": "0.20042000", "time": "2025-07-16T01:09:26.282670Z", "fetched_at": "2025-07-16T01:10:49.467793+00:00", "symbol": "DOGE-USD"}, {"trade_id": 139200556, "side": "sell", "size": "473.10000000", "price": "0.20041000", "time": "2025-07-16T01:09:26.282670Z", "fetched_at": "2025-07-16T01:10:49.467793+00:00", "symbol": "DOGE-USD"}, {"trade_id": 139200555, "side": "sell", "size": "4245.10000000", "price": "0.20041000", "time": "2025-07-16T01:09:26.260836Z", "fetched_at": "2025-07-16T01:10:49.467793+00:00", "symbol": "DOGE-USD"}, {"trade_id": 139200554, "side": "sell", "size": "473.10000000", "price": "0.20041000", "time": "2025-07-16T01:09:26.260836Z", "fetched_at": "2025-07-16T01:10:49.467793+00:00", "symbol": "DOGE-USD"}, {"trade_id": 139200553, "side": "sell", "size": "473.10000000", "price": "0.20040000", "time": "2025-07-16T01:09:26.260836Z", "fetched_at": "2025-07-16T01:10:49.467793+00:00", "symbol": "DOGE-USD"}, {"trade_id": 139200552, "side": "buy", "size": "4745.30000000", "price": "0.20039000", "time": "2025-07-16T01:09:26.204084Z", "fetched_at": "2025-07-16T01:10:49.467793+00:00", "symbol": "DOGE-USD"}, {"trade_id": 139200551, "side": "buy", "size": "3614.40000000", "price": "0.20040000", "time": "2025-07-16T01:09:26.204084Z", "fetched_at": "2025-07-16T01:10:49.467793+00:00", "symbol": "DOGE-USD"}, {"trade_id": 139200550, "side": "buy", "size": "5.50000000", "price": "0.20040000", "time": "2025-07-16T01:09:26.204084Z", "fetched_at": "2025-07-16T01:10:49.467793+00:00", "symbol": "DOGE-USD"}, {"trade_id": 139200549, "side": "buy", "size": "2892.60000000", "price": "0.20041000", "time": "2025-07-16T01:09:26.203711Z", "fetched_at": "2025-07-16T01:10:49.467793+00:00", "symbol": "DOGE-USD"}, {"trade_id": 139200548, "side": "buy", "size": "1362.90000000", "price": "0.20041000", "time": "2025-07-16T01:09:26.203620Z", "fetched_at": "2025-07-16T01:10:49.467793+00:00", "symbol": "DOGE-USD"}, {"trade_id": 139200547, "side": "buy", "size": "1158.50000000", "price": "0.20043000", "time": "2025-07-16T01:09:26.203620Z", "fetched_at": "2025-07-16T01:10:49.467793+00:00", "symbol": "DOGE-USD"}, {"trade_id": 139200546, "side": "buy", "size": "1965.40000000", "price": "0.20044000", "time": "2025-07-16T01:09:26.203620Z", "fetched_at": "2025-07-16T01:10:49.467793+00:00", "symbol": "DOGE-USD"}, {"trade_id": 139200545, "side": "buy", "size": "2558.00000000", "price": "0.20044000", "time": "2025-07-16T01:09:26.201506Z", "fetched_at": "2025-07-16T01:10:49.467793+00:00", "symbol": "DOGE-USD"}, {"trade_id": 139200544, "side": "buy", "size": "3977.40000000", "price": "0.20046000", "time": "2025-07-16T01:09:26.201506Z", "fetched_at": "2025-07-16T01:10:49.467793+00:00", "symbol": "DOGE-USD"}, {"trade_id": 139200543, "side": "buy", "size": "5.50000000", "price": "0.20042000", "time": "2025-07-16T01:09:26.171957Z", "fetched_at": "2025-07-16T01:10:49.467793+00:00", "symbol": "DOGE-USD"}, {"trade_id": 139200542, "side": "buy", "size": "1679.40000000", "price": "0.20042000", "time": "2025-07-16T01:09:26.171957Z", "fetched_at": "2025-07-16T01:10:49.467793+00:00", "symbol": "DOGE-USD"}, {"trade_id": 139200541, "side": "buy", "size": "6.00000000", "price": "0.20042000", "time": "2025-07-16T01:09:26.171957Z", "fetched_at": "2025-07-16T01:10:49.467793+00:00", "symbol": "DOGE-USD"}, {"trade_id": 139200540, "side": "buy", "size": "2990.90000000", "price": "0.20043000", "time": "2025-07-16T01:09:26.167449Z", "fetched_at": "2025-07-16T01:10:49.467793+00:00", "symbol": "DOGE-USD"}, {"trade_id": 139200539, "side": "buy", "size": "5086.90000000", "price": "0.20043000", "time": "2025-07-16T01:09:26.167449Z", "fetched_at": "2025-07-16T01:10:49.467793+00:00", "symbol": "DOGE-USD"}, {"trade_id": 139200538, "side": "buy", "size": "6.00000000", "price": "0.20043000", "time": "2025-07-16T01:09:26.167449Z", "fetched_at": "2025-07-16T01:10:49.467793+00:00", "symbol": "DOGE-USD"}, {"trade_id": 139200537, "side": "buy", "size": "7999.90000000", "price": "0.20044000", "time": "2025-07-16T01:09:26.166859Z", "fetched_at": "2025-07-16T01:10:49.467793+00:00", "symbol": "DOGE-USD"}, {"trade_id": 139200536, "side": "buy", "size": "5.50000000", "price": "0.20044000", "time": "2025-07-16T01:09:26.166859Z", "fetched_at": "2025-07-16T01:10:49.467793+00:00", "symbol": "DOGE-USD"}, {"trade_id": 139200535, "side": "buy", "size": "5087.70000000", "price": "0.20044000", "time": "2025-07-16T01:09:26.166859Z", "fetched_at": "2025-07-16T01:10:49.467793+00:00", "symbol": "DOGE-USD"}, {"trade_id": 139200534, "side": "buy", "size": "1678.60000000", "price": "0.20044000", "time": "2025-07-16T01:09:26.166859Z", "fetched_at": "2025-07-16T01:10:49.467793+00:00", "symbol": "DOGE-USD"}, {"trade_id": 139200533, "side": "buy", "size": "1593.00000000", "price": "0.20045000", "time": "2025-07-16T01:09:26.166859Z", "fetched_at": "2025-07-16T01:10:49.467793+00:00", "symbol": "DOGE-USD"}, {"trade_id": 139200532, "side": "buy", "size": "4454.80000000", "price": "0.20046000", "time": "2025-07-16T01:09:26.159411Z", "fetched_at": "2025-07-16T01:10:49.467793+00:00", "symbol": "DOGE-USD"}, {"trade_id": 139200531, "side": "buy", "size": "8303.50000000", "price": "0.20046000", "time": "2025-07-16T01:09:26.158129Z", "fetched_at": "2025-07-16T01:10:49.467793+00:00", "symbol": "DOGE-USD"}, {"trade_id": 139200530, "side": "buy", "size": "5.50000000", "price": "0.20046000", "time": "2025-07-16T01:09:26.158129Z", "fetched_at": "2025-07-16T01:10:49.467793+00:00", "symbol": "DOGE-USD"}, {"trade_id": 139200529, "side": "buy", "size": "17798.00000000", "price": "0.20046000", "time": "2025-07-16T01:09:26.158129Z", "fetched_at": "2025-07-16T01:10:49.467793+00:00", "symbol": "DOGE-USD"}, {"trade_id": 139200528, "side": "buy", "size": "16615.00000000", "price": "0.20046000", "time": "2025-07-16T01:09:26.157010Z", "fetched_at": "2025-07-16T01:10:49.467793+00:00", "symbol": "DOGE-USD"}, {"trade_id": 139200527, "side": "buy", "size": "6766.30000000", "price": "0.20046000", "time": "2025-07-16T01:09:26.157010Z", "fetched_at": "2025-07-16T01:10:49.467793+00:00", "symbol": "DOGE-USD"}, {"trade_id": 139200526, "side": "buy", "size": "3614.40000000", "price": "0.20048000", "time": "2025-07-16T01:09:26.155632Z", "fetched_at": "2025-07-16T01:10:49.467793+00:00", "symbol": "DOGE-USD"}, {"trade_id": 139200525, "side": "buy", "size": "2500.00000000", "price": "0.20048000", "time": "2025-07-16T01:09:26.155632Z", "fetched_at": "2025-07-16T01:10:49.467793+00:00", "symbol": "DOGE-USD"}, {"trade_id": 139200524, "side": "buy", "size": "5.50000000", "price": "0.20048000", "time": "2025-07-16T01:09:26.155632Z", "fetched_at": "2025-07-16T01:10:49.467793+00:00", "symbol": "DOGE-USD"}, {"trade_id": 139200523, "side": "buy", "size": "1593.00000000", "price": "0.20048000", "time": "2025-07-16T01:09:26.155632Z", "fetched_at": "2025-07-16T01:10:49.467793+00:00", "symbol": "DOGE-USD"}, {"trade_id": 139200522, "side": "buy", "size": "6764.60000000", "price": "0.20048000", "time": "2025-07-16T01:09:26.155632Z", "fetched_at": "2025-07-16T01:10:49.467793+00:00", "symbol": "DOGE-USD"}, {"trade_id": 139200521, "side": "buy", "size": "10000.00000000", "price": "0.20049000", "time": "2025-07-16T01:09:26.155632Z", "fetched_at": "2025-07-16T01:10:49.467793+00:00", "symbol": "DOGE-USD"}, {"trade_id": 139200520, "side": "buy", "size": "1048.20000000", "price": "0.20049000", "time": "2025-07-16T01:09:26.155632Z", "fetched_at": "2025-07-16T01:10:49.467793+00:00", "symbol": "DOGE-USD"}, {"trade_id": 139200519, "side": "buy", "size": "55.90000000", "price": "0.20054000", "time": "2025-07-16T01:09:26.155632Z", "fetched_at": "2025-07-16T01:10:49.467793+00:00", "symbol": "DOGE-USD"}, {"trade_id": 139200518, "side": "buy", "size": "348.60000000", "price": "0.20049000", "time": "2025-07-16T01:09:26.151894Z", "fetched_at": "2025-07-16T01:10:49.467793+00:00", "symbol": "DOGE-USD"}, {"trade_id": 139200517, "side": "buy", "size": "6764.60000000", "price": "0.20049000", "time": "2025-07-16T01:09:26.151894Z", "fetched_at": "2025-07-16T01:10:49.467793+00:00", "symbol": "DOGE-USD"}, {"trade_id": 139200516, "side": "buy", "size": "1819.90000000", "price": "0.20050000", "time": "2025-07-16T01:09:26.151894Z", "fetched_at": "2025-07-16T01:10:49.467793+00:00", "symbol": "DOGE-USD"}, {"trade_id": 139200515, "side": "buy", "size": "5.50000000", "price": "0.20050000", "time": "2025-07-16T01:09:26.151894Z", "fetched_at": "2025-07-16T01:10:49.467793+00:00", "symbol": "DOGE-USD"}, {"trade_id": 139200514, "side": "buy", "size": "6764.60000000", "price": "0.20050000", "time": "2025-07-16T01:09:26.151894Z", "fetched_at": "2025-07-16T01:10:49.467793+00:00", "symbol": "DOGE-USD"}, {"trade_id": 139200513, "side": "buy", "size": "1593.00000000", "price": "0.20051000", "time": "2025-07-16T01:09:26.151894Z", "fetched_at": "2025-07-16T01:10:49.467793+00:00", "symbol": "DOGE-USD"}, {"trade_id": 139200512, "side": "buy", "size": "865.20000000", "price": "0.20052000", "time": "2025-07-16T01:09:26.151894Z", "fetched_at": "2025-07-16T01:10:49.467793+00:00", "symbol": "DOGE-USD"}, {"trade_id": 139200511, "side": "buy", "size": "47.60000000", "price": "0.20052000", "time": "2025-07-16T01:09:26.150493Z", "fetched_at": "2025-07-16T01:10:49.467793+00:00", "symbol": "DOGE-USD"}, {"trade_id": 139200510, "side": "buy", "size": "10135.40000000", "price": "0.20052000", "time": "2025-07-16T01:09:26.150493Z", "fetched_at": "2025-07-16T01:10:49.467793+00:00", "symbol": "DOGE-USD"}, {"trade_id": 139200509, "side": "buy", "size": "2622.90000000", "price": "0.20052000", "time": "2025-07-16T01:09:26.143696Z", "fetched_at": "2025-07-16T01:10:49.467793+00:00", "symbol": "DOGE-USD"}, {"trade_id": 139200508, "side": "buy", "size": "5.50000000", "price": "0.20052000", "time": "2025-07-16T01:09:26.143696Z", "fetched_at": "2025-07-16T01:10:49.467793+00:00", "symbol": "DOGE-USD"}, {"trade_id": 139200507, "side": "buy", "size": "18087.90000000", "price": "0.20053000", "time": "2025-07-16T01:09:26.143696Z", "fetched_at": "2025-07-16T01:10:49.467793+00:00", "symbol": "DOGE-USD"}, {"trade_id": 139200506, "side": "buy", "size": "84.00000000", "price": "0.20053000", "time": "2025-07-16T01:09:26.143696Z", "fetched_at": "2025-07-16T01:10:49.467793+00:00", "symbol": "DOGE-USD"}, {"trade_id": 139200505, "side": "buy", "size": "55.90000000", "price": "0.20054000", "time": "2025-07-16T01:09:26.143696Z", "fetched_at": "2025-07-16T01:10:49.467793+00:00", "symbol": "DOGE-USD"}, {"trade_id": 139200504, "side": "buy", "size": "5.50000000", "price": "0.20054000", "time": "2025-07-16T01:09:26.143696Z", "fetched_at": "2025-07-16T01:10:49.467793+00:00", "symbol": "DOGE-USD"}, {"trade_id": 139200503, "side": "buy", "size": "579.70000000", "price": "0.20055000", "time": "2025-07-16T01:09:26.142966Z", "fetched_at": "2025-07-16T01:10:49.467793+00:00", "symbol": "DOGE-USD"}, {"trade_id": 139200502, "side": "buy", "size": "5.50000000", "price": "0.20056000", "time": "2025-07-16T01:09:26.142966Z", "fetched_at": "2025-07-16T01:10:49.467793+00:00", "symbol": "DOGE-USD"}, {"trade_id": 139200501, "side": "buy", "size": "5.50000000", "price": "0.20058000", "time": "2025-07-16T01:09:25.986352Z", "fetched_at": "2025-07-16T01:10:49.467793+00:00", "symbol": "DOGE-USD"}, {"trade_id": 139200500, "side": "buy", "size": "526.60000000", "price": "0.20060000", "time": "2025-07-16T01:09:25.947711Z", "fetched_at": "2025-07-16T01:10:49.467793+00:00", "symbol": "DOGE-USD"}, {"trade_id": 139200499, "side": "buy", "size": "5.50000000", "price": "0.20060000", "time": "2025-07-16T01:09:25.947711Z", "fetched_at": "2025-07-16T01:10:49.467793+00:00", "symbol": "DOGE-USD"}, {"trade_id": 139200498, "side": "buy", "size": "6750.40000000", "price": "0.20060000", "time": "2025-07-16T01:09:25.947711Z", "fetched_at": "2025-07-16T01:10:49.467793+00:00", "symbol": "DOGE-USD"}, {"trade_id": 139200497, "side": "buy", "size": "1595.00000000", "price": "0.20060000", "time": "2025-07-16T01:09:25.947711Z", "fetched_at": "2025-07-16T01:10:49.467793+00:00", "symbol": "DOGE-USD"}, {"trade_id": 139200496, "side": "buy", "size": "1595.00000000", "price": "0.20060000", "time": "2025-07-16T01:09:25.947711Z", "fetched_at": "2025-07-16T01:10:49.467793+00:00", "symbol": "DOGE-USD"}, {"trade_id": 139200495, "side": "buy", "size": "372.10000000", "price": "0.20060000", "time": "2025-07-16T01:09:25.947711Z", "fetched_at": "2025-07-16T01:10:49.467793+00:00", "symbol": "DOGE-USD"}, {"trade_id": 139200494, "side": "buy", "size": "135.40000000", "price": "0.20061000", "time": "2025-07-16T01:09:24.062633Z", "fetched_at": "2025-07-16T01:10:49.467793+00:00", "symbol": "DOGE-USD"}, {"trade_id": 139200493, "side": "buy", "size": "632.90000000", "price": "0.20062000", "time": "2025-07-16T01:09:24.050897Z", "fetched_at": "2025-07-16T01:10:49.467793+00:00", "symbol": "DOGE-USD"}, {"trade_id": 139200492, "side": "buy", "size": "5.50000000", "price": "0.20062000", "time": "2025-07-16T01:09:24.050897Z", "fetched_at": "2025-07-16T01:10:49.467793+00:00", "symbol": "DOGE-USD"}, {"trade_id": 139200491, "side": "buy", "size": "717.70000000", "price": "0.20064000", "time": "2025-07-16T01:09:19.229343Z", "fetched_at": "2025-07-16T01:10:49.467793+00:00", "symbol": "DOGE-USD"}, {"trade_id": 139200490, "side": "sell", "size": "7.60000000", "price": "0.20064000", "time": "2025-07-16T01:09:19.161128Z", "fetched_at": "2025-07-16T01:10:49.467793+00:00", "symbol": "DOGE-USD"}, {"trade_id": 139200489, "side": "sell", "size": "7.60000000", "price": "0.20064000", "time": "2025-07-16T01:09:19.112328Z", "fetched_at": "2025-07-16T01:10:49.467793+00:00", "symbol": "DOGE-USD"}, {"trade_id": 139200488, "side": "sell", "size": "7.60000000", "price": "0.20064000", "time": "2025-07-16T01:09:19.089012Z", "fetched_at": "2025-07-16T01:10:49.467793+00:00", "symbol": "DOGE-USD"}, {"trade_id": 139200487, "side": "sell", "size": "7.60000000", "price": "0.20064000", "time": "2025-07-16T01:09:19.065301Z", "fetched_at": "2025-07-16T01:10:49.467793+00:00", "symbol": "DOGE-USD"}, {"trade_id": 139200486, "side": "sell", "size": "2369.70000000", "price": "0.20067000", "time": "2025-07-16T01:09:18.389857Z", "fetched_at": "2025-07-16T01:10:49.467793+00:00", "symbol": "DOGE-USD"}, {"trade_id": 139200485, "side": "sell", "size": "1480.00000000", "price": "0.20066000", "time": "2025-07-16T01:09:18.389857Z", "fetched_at": "2025-07-16T01:10:49.467793+00:00", "symbol": "DOGE-USD"}, {"trade_id": 139200484, "side": "sell", "size": "865.20000000", "price": "0.20065000", "time": "2025-07-16T01:09:18.389857Z", "fetched_at": "2025-07-16T01:10:49.467793+00:00", "symbol": "DOGE-USD"}, {"trade_id": 139200483, "side": "sell", "size": "8.00000000", "price": "0.20064000", "time": "2025-07-16T01:09:18.389857Z", "fetched_at": "2025-07-16T01:10:49.467793+00:00", "symbol": "DOGE-USD"}, {"trade_id": 139200482, "side": "buy", "size": "146.60000000", "price": "0.20063000", "time": "2025-07-16T01:09:17.949597Z", "fetched_at": "2025-07-16T01:10:49.467793+00:00", "symbol": "DOGE-USD"}, {"trade_id": 139200481, "side": "buy", "size": "1622.70000000", "price": "0.20064000", "time": "2025-07-16T01:09:17.949597Z", "fetched_at": "2025-07-16T01:10:49.467793+00:00", "symbol": "DOGE-USD"}, {"trade_id": 139200480, "side": "buy", "size": "5.50000000", "price": "0.20064000", "time": "2025-07-16T01:09:17.949597Z", "fetched_at": "2025-07-16T01:10:49.467793+00:00", "symbol": "DOGE-USD"}, {"trade_id": 139200479, "side": "sell", "size": "2990.80000000", "price": "0.20067000", "time": "2025-07-16T01:09:12.780016Z", "fetched_at": "2025-07-16T01:10:49.467793+00:00", "symbol": "DOGE-USD"}, {"trade_id": 139200478, "side": "sell", "size": "865.20000000", "price": "0.20067000", "time": "2025-07-16T01:09:12.780016Z", "fetched_at": "2025-07-16T01:10:49.467793+00:00", "symbol": "DOGE-USD"}, {"trade_id": 139200477, "side": "sell", "size": "700.00000000", "price": "0.20066000", "time": "2025-07-16T01:09:12.780016Z", "fetched_at": "2025-07-16T01:10:49.467793+00:00", "symbol": "DOGE-USD"}, {"trade_id": 139200476, "side": "sell", "size": "10.60000000", "price": "0.20065000", "time": "2025-07-16T01:09:12.780016Z", "fetched_at": "2025-07-16T01:10:49.467793+00:00", "symbol": "DOGE-USD"}, {"trade_id": 139200475, "side": "buy", "size": "5.50000000", "price": "0.20066000", "time": "2025-07-16T01:09:11.078035Z", "fetched_at": "2025-07-16T01:10:49.467793+00:00", "symbol": "DOGE-USD"}, {"trade_id": 139200474, "side": "buy", "size": "5.50000000", "price": "0.20068000", "time": "2025-07-16T01:09:10.549197Z", "fetched_at": "2025-07-16T01:10:49.467793+00:00", "symbol": "DOGE-USD"}, {"trade_id": 139200473, "side": "buy", "size": "1632.20000000", "price": "0.20069000", "time": "2025-07-16T01:09:10.538524Z", "fetched_at": "2025-07-16T01:10:49.467793+00:00", "symbol": "DOGE-USD"}, {"trade_id": 139200472, "side": "buy", "size": "524.90000000", "price": "0.20070000", "time": "2025-07-16T01:09:10.387582Z", "fetched_at": "2025-07-16T01:10:49.467793+00:00", "symbol": "DOGE-USD"}, {"trade_id": 139200471, "side": "buy", "size": "5.50000000", "price": "0.20070000", "time": "2025-07-16T01:09:07.804444Z", "fetched_at": "2025-07-16T01:10:49.467793+00:00", "symbol": "DOGE-USD"}, {"trade_id": 139200470, "side": "buy", "size": "5.50000000", "price": "0.20072000", "time": "2025-07-16T01:09:07.428530Z", "fetched_at": "2025-07-16T01:10:49.467793+00:00", "symbol": "DOGE-USD"}, {"trade_id": 139200469, "side": "buy", "size": "635.00000000", "price": "0.20074000", "time": "2025-07-16T01:09:07.285320Z", "fetched_at": "2025-07-16T01:10:49.467793+00:00", "symbol": "DOGE-USD"}, {"trade_id": 139200468, "side": "buy", "size": "5.50000000", "price": "0.20074000", "time": "2025-07-16T01:09:07.285320Z", "fetched_at": "2025-07-16T01:10:49.467793+00:00", "symbol": "DOGE-USD"}, {"trade_id": 139200467, "side": "buy", "size": "5.50000000", "price": "0.20076000", "time": "2025-07-16T01:09:06.545855Z", "fetched_at": "2025-07-16T01:10:49.467793+00:00", "symbol": "DOGE-USD"}, {"trade_id": 139200466, "side": "buy", "size": "5.50000000", "price": "0.20078000", "time": "2025-07-16T01:09:06.214505Z", "fetched_at": "2025-07-16T01:10:49.467793+00:00", "symbol": "DOGE-USD"}, {"trade_id": 139200465, "side": "buy", "size": "752.60000000", "price": "0.20080000", "time": "2025-07-16T01:09:06.029220Z", "fetched_at": "2025-07-16T01:10:49.467793+00:00", "symbol": "DOGE-USD"}, {"trade_id": 139200464, "side": "buy", "size": "5.50000000", "price": "0.20080000", "time": "2025-07-16T01:09:06.029220Z", "fetched_at": "2025-07-16T01:10:49.467793+00:00", "symbol": "DOGE-USD"}, {"trade_id": 139200463, "side": "sell", "size": "10.50000000", "price": "0.20084000", "time": "2025-07-16T01:09:04.313418Z", "fetched_at": "2025-07-16T01:10:49.467793+00:00", "symbol": "DOGE-USD"}, {"trade_id": 139200462, "side": "sell", "size": "5.50000000", "price": "0.20084000", "time": "2025-07-16T01:09:04.313418Z", "fetched_at": "2025-07-16T01:10:49.467793+00:00", "symbol": "DOGE-USD"}, {"trade_id": 139200461, "side": "buy", "size": "594.80000000", "price": "0.20080000", "time": "2025-07-16T01:09:01.635868Z", "fetched_at": "2025-07-16T01:10:49.467793+00:00", "symbol": "DOGE-USD"}, {"trade_id": 139200460, "side": "buy", "size": "1410.10000000", "price": "0.20080000", "time": "2025-07-16T01:09:01.635868Z", "fetched_at": "2025-07-16T01:10:49.467793+00:00", "symbol": "DOGE-USD"}, {"trade_id": 139200459, "side": "buy", "size": "965.90000000", "price": "0.20080000", "time": "2025-07-16T01:08:54.809042Z", "fetched_at": "2025-07-16T01:10:49.467793+00:00", "symbol": "DOGE-USD"}, {"trade_id": 139200458, "side": "buy", "size": "5.50000000", "price": "0.20080000", "time": "2025-07-16T01:08:54.809042Z", "fetched_at": "2025-07-16T01:10:49.467793+00:00", "symbol": "DOGE-USD"}, {"trade_id": 139200457, "side": "buy", "size": "1097.00000000", "price": "0.20082000", "time": "2025-07-16T01:08:53.677444Z", "fetched_at": "2025-07-16T01:10:49.467793+00:00", "symbol": "DOGE-USD"}, {"trade_id": 139200456, "side": "buy", "size": "5.50000000", "price": "0.20082000", "time": "2025-07-16T01:08:53.677444Z", "fetched_at": "2025-07-16T01:10:49.467793+00:00", "symbol": "DOGE-USD"}, {"trade_id": 139200455, "side": "buy", "size": "5195.50000000", "price": "0.20082000", "time": "2025-07-16T01:08:53.677444Z", "fetched_at": "2025-07-16T01:10:49.467793+00:00", "symbol": "DOGE-USD"}, {"trade_id": 139200454, "side": "buy", "size": "5.50000000", "price": "0.20084000", "time": "2025-07-16T01:08:52.020418Z", "fetched_at": "2025-07-16T01:10:49.467793+00:00", "symbol": "DOGE-USD"}, {"trade_id": 139200453, "side": "buy", "size": "5.50000000", "price": "0.20086000", "time": "2025-07-16T01:08:51.311713Z", "fetched_at": "2025-07-16T01:10:49.467793+00:00", "symbol": "DOGE-USD"}, {"trade_id": 139200452, "side": "buy", "size": "1218.70000000", "price": "0.20088000", "time": "2025-07-16T01:08:51.239475Z", "fetched_at": "2025-07-16T01:10:49.467793+00:00", "symbol": "DOGE-USD"}, {"trade_id": 139200451, "side": "buy", "size": "22.70000000", "price": "0.20088000", "time": "2025-07-16T01:08:51.239475Z", "fetched_at": "2025-07-16T01:10:49.467793+00:00", "symbol": "DOGE-USD"}, {"trade_id": 139200450, "side": "buy", "size": "5.50000000", "price": "0.20088000", "time": "2025-07-16T01:08:51.239475Z", "fetched_at": "2025-07-16T01:10:49.467793+00:00", "symbol": "DOGE-USD"}, {"trade_id": 139200449, "side": "buy", "size": "24.90000000", "price": "0.20091000", "time": "2025-07-16T01:08:50.345468Z", "fetched_at": "2025-07-16T01:10:49.467793+00:00", "symbol": "DOGE-USD"}, {"trade_id": 139200448, "side": "buy", "size": "1437.10000000", "price": "0.20091000", "time": "2025-07-16T01:08:50.345468Z", "fetched_at": "2025-07-16T01:10:49.467793+00:00", "symbol": "DOGE-USD"}, {"trade_id": 139200447, "side": "buy", "size": "452.80000000", "price": "0.20091000", "time": "2025-07-16T01:08:49.141158Z", "fetched_at": "2025-07-16T01:10:49.467793+00:00", "symbol": "DOGE-USD"}, {"trade_id": 139200446, "side": "sell", "size": "120.90000000", "price": "0.20093000", "time": "2025-07-16T01:08:48.599855Z", "fetched_at": "2025-07-16T01:10:49.467793+00:00", "symbol": "DOGE-USD"}, {"trade_id": 139200445, "side": "sell", "size": "235.70000000", "price": "0.20089000", "time": "2025-07-16T01:08:44.777085Z", "fetched_at": "2025-07-16T01:10:49.467793+00:00", "symbol": "DOGE-USD"}, {"trade_id": 139200444, "side": "sell", "size": "6.10000000", "price": "0.20089000", "time": "2025-07-16T01:08:44.777085Z", "fetched_at": "2025-07-16T01:10:49.467793+00:00", "symbol": "DOGE-USD"}, {"trade_id": 139200443, "side": "buy", "size": "1643.20000000", "price": "0.20090000", "time": "2025-07-16T01:08:44.540797Z", "fetched_at": "2025-07-16T01:10:49.467793+00:00", "symbol": "DOGE-USD"}, {"trade_id": 139200442, "side": "buy", "size": "5.50000000", "price": "0.20090000", "time": "2025-07-16T01:08:44.540797Z", "fetched_at": "2025-07-16T01:10:49.467793+00:00", "symbol": "DOGE-USD"}, {"trade_id": 139200441, "side": "sell", "size": "136.70000000", "price": "0.20091000", "time": "2025-07-16T01:08:44.249814Z", "fetched_at": "2025-07-16T01:10:49.467793+00:00", "symbol": "DOGE-USD"}, {"trade_id": 139200440, "side": "sell", "size": "8.40000000", "price": "0.20091000", "time": "2025-07-16T01:08:44.249814Z", "fetched_at": "2025-07-16T01:10:49.467793+00:00", "symbol": "DOGE-USD"}, {"trade_id": 139200439, "side": "buy", "size": "361.80000000", "price": "0.20090000", "time": "2025-07-16T01:08:43.260949Z", "fetched_at": "2025-07-16T01:10:49.467793+00:00", "symbol": "DOGE-USD"}, {"trade_id": 139200438, "side": "buy", "size": "2137.90000000", "price": "0.20094000", "time": "2025-07-16T01:08:39.207856Z", "fetched_at": "2025-07-16T01:10:49.467793+00:00", "symbol": "DOGE-USD"}, {"trade_id": 139200437, "side": "buy", "size": "2824.30000000", "price": "0.20095000", "time": "2025-07-16T01:08:31.981948Z", "fetched_at": "2025-07-16T01:10:49.467793+00:00", "symbol": "DOGE-USD"}, {"trade_id": 139200436, "side": "buy", "size": "2845.60000000", "price": "0.20101000", "time": "2025-07-16T01:08:29.858535Z", "fetched_at": "2025-07-16T01:10:49.467793+00:00", "symbol": "DOGE-USD"}, {"trade_id": 139200435, "side": "sell", "size": "277.20000000", "price": "0.20101000", "time": "2025-07-16T01:08:29.769492Z", "fetched_at": "2025-07-16T01:10:49.467793+00:00", "symbol": "DOGE-USD"}, {"trade_id": 139200434, "side": "sell", "size": "5.50000000", "price": "0.20102000", "time": "2025-07-16T01:08:29.508859Z", "fetched_at": "2025-07-16T01:10:49.467793+00:00", "symbol": "DOGE-USD"}, {"trade_id": 139200433, "side": "sell", "size": "18091.40000000", "price": "0.20102000", "time": "2025-07-16T01:08:29.508859Z", "fetched_at": "2025-07-16T01:10:49.467793+00:00", "symbol": "DOGE-USD"}, {"trade_id": 139200432, "side": "sell", "size": "8.60000000", "price": "0.20101000", "time": "2025-07-16T01:08:29.505714Z", "fetched_at": "2025-07-16T01:10:49.467793+00:00", "symbol": "DOGE-USD"}, {"trade_id": 139200431, "side": "sell", "size": "5.50000000", "price": "0.20100000", "time": "2025-07-16T01:08:29.498980Z", "fetched_at": "2025-07-16T01:10:49.467793+00:00", "symbol": "DOGE-USD"}, {"trade_id": 139200430, "side": "sell", "size": "47.50000000", "price": "0.20100000", "time": "2025-07-16T01:08:29.498980Z", "fetched_at": "2025-07-16T01:10:49.467793+00:00", "symbol": "DOGE-USD"}, {"trade_id": 139200429, "side": "sell", "size": "2459.10000000", "price": "0.20100000", "time": "2025-07-16T01:08:29.498980Z", "fetched_at": "2025-07-16T01:10:49.467793+00:00", "symbol": "DOGE-USD"}, {"trade_id": 139200428, "side": "sell", "size": "7.80000000", "price": "0.20100000", "time": "2025-07-16T01:08:29.498980Z", "fetched_at": "2025-07-16T01:10:49.467793+00:00", "symbol": "DOGE-USD"}, {"trade_id": 139200427, "side": "sell", "size": "12.90000000", "price": "0.20100000", "time": "2025-07-16T01:08:29.498980Z", "fetched_at": "2025-07-16T01:10:49.467793+00:00", "symbol": "DOGE-USD"}, {"trade_id": 139200426, "side": "sell", "size": "720.50000000", "price": "0.20099000", "time": "2025-07-16T01:08:27.868452Z", "fetched_at": "2025-07-16T01:10:49.467793+00:00", "symbol": "DOGE-USD"}, {"trade_id": 139200425, "side": "sell", "size": "5.50000000", "price": "0.20098000", "time": "2025-07-16T01:08:27.868452Z", "fetched_at": "2025-07-16T01:10:49.467793+00:00", "symbol": "DOGE-USD"}, {"trade_id": 139200424, "side": "sell", "size": "5.50000000", "price": "0.20096000", "time": "2025-07-16T01:08:24.996178Z", "fetched_at": "2025-07-16T01:10:49.467793+00:00", "symbol": "DOGE-USD"}, {"trade_id": 139200423, "side": "sell", "size": "5.50000000", "price": "0.20094000", "time": "2025-07-16T01:08:24.828604Z", "fetched_at": "2025-07-16T01:10:49.467793+00:00", "symbol": "DOGE-USD"}, {"trade_id": 139200422, "side": "sell", "size": "5.50000000", "price": "0.20092000", "time": "2025-07-16T01:08:24.738559Z", "fetched_at": "2025-07-16T01:10:49.467793+00:00", "symbol": "DOGE-USD"}, {"trade_id": 139200421, "side": "sell", "size": "5.50000000", "price": "0.20090000", "time": "2025-07-16T01:08:23.968531Z", "fetched_at": "2025-07-16T01:10:49.467793+00:00", "symbol": "DOGE-USD"}, {"trade_id": 139200420, "side": "sell", "size": "5.50000000", "price": "0.20088000", "time": "2025-07-16T01:08:23.254339Z", "fetched_at": "2025-07-16T01:10:49.467793+00:00", "symbol": "DOGE-USD"}, {"trade_id": 139200419, "side": "sell", "size": "23.40000000", "price": "0.20087000", "time": "2025-07-16T01:08:21.825135Z", "fetched_at": "2025-07-16T01:10:49.467793+00:00", "symbol": "DOGE-USD"}, {"trade_id": 139200418, "side": "sell", "size": "118.10000000", "price": "0.20087000", "time": "2025-07-16T01:08:21.427796Z", "fetched_at": "2025-07-16T01:10:49.467793+00:00", "symbol": "DOGE-USD"}, {"trade_id": 139200417, "side": "sell", "size": "109.40000000", "price": "0.20087000", "time": "2025-07-16T01:08:21.361603Z", "fetched_at": "2025-07-16T01:10:49.467793+00:00", "symbol": "DOGE-USD"}, {"trade_id": 139200416, "side": "sell", "size": "6.10000000", "price": "0.20086000", "time": "2025-07-16T01:08:21.361603Z", "fetched_at": "2025-07-16T01:10:49.467793+00:00", "symbol": "DOGE-USD"}, {"trade_id": 139200415, "side": "sell", "size": "5.50000000", "price": "0.20086000", "time": "2025-07-16T01:08:21.361603Z", "fetched_at": "2025-07-16T01:10:49.467793+00:00", "symbol": "DOGE-USD"}, {"trade_id": 139200414, "side": "sell", "size": "5227.90000000", "price": "0.20084000", "time": "2025-07-16T01:08:20.616720Z", "fetched_at": "2025-07-16T01:10:49.467793+00:00", "symbol": "DOGE-USD"}, {"trade_id": 139200413, "side": "sell", "size": "18915.50000000", "price": "0.20084000", "time": "2025-07-16T01:08:20.616720Z", "fetched_at": "2025-07-16T01:10:49.467793+00:00", "symbol": "DOGE-USD"}, {"trade_id": 139200412, "side": "sell", "size": "33521.50000000", "price": "0.20084000", "time": "2025-07-16T01:08:20.616469Z", "fetched_at": "2025-07-16T01:10:49.467793+00:00", "symbol": "DOGE-USD"}, {"trade_id": 139200411, "side": "sell", "size": "2696.70000000", "price": "0.20084000", "time": "2025-07-16T01:08:19.854682Z", "fetched_at": "2025-07-16T01:10:49.467793+00:00", "symbol": "DOGE-USD"}, {"trade_id": 139200410, "side": "sell", "size": "3679.10000000", "price": "0.20084000", "time": "2025-07-16T01:08:19.850906Z", "fetched_at": "2025-07-16T01:10:49.467793+00:00", "symbol": "DOGE-USD"}, {"trade_id": 139200409, "side": "sell", "size": "5.50000000", "price": "0.20084000", "time": "2025-07-16T01:08:19.850906Z", "fetched_at": "2025-07-16T01:10:49.467793+00:00", "symbol": "DOGE-USD"}, {"trade_id": 139200408, "side": "sell", "size": "11.60000000", "price": "0.20083000", "time": "2025-07-16T01:08:19.850906Z", "fetched_at": "2025-07-16T01:10:49.467793+00:00", "symbol": "DOGE-USD"}, {"trade_id": 139200407, "side": "sell", "size": "4.40000000", "price": "0.20082000", "time": "2025-07-16T01:08:19.553666Z", "fetched_at": "2025-07-16T01:10:49.467793+00:00", "symbol": "DOGE-USD"}, {"trade_id": 139200406, "side": "sell", "size": "1.10000000", "price": "0.20082000", "time": "2025-07-16T01:08:19.459405Z", "fetched_at": "2025-07-16T01:10:49.467793+00:00", "symbol": "DOGE-USD"}, {"trade_id": 139200405, "side": "buy", "size": "562.40000000", "price": "0.20079000", "time": "2025-07-16T01:08:18.373329Z", "fetched_at": "2025-07-16T01:10:49.467793+00:00", "symbol": "DOGE-USD"}, {"trade_id": 139200404, "side": "buy", "size": "968.90000000", "price": "0.20079000", "time": "2025-07-16T01:08:18.373329Z", "fetched_at": "2025-07-16T01:10:49.467793+00:00", "symbol": "DOGE-USD"}, {"trade_id": 139200403, "side": "buy", "size": "114.40000000", "price": "0.20079000", "time": "2025-07-16T01:08:18.278429Z", "fetched_at": "2025-07-16T01:10:49.467793+00:00", "symbol": "DOGE-USD"}, {"trade_id": 139200402, "side": "buy", "size": "561.70000000", "price": "0.20079000", "time": "2025-07-16T01:08:17.713579Z", "fetched_at": "2025-07-16T01:10:49.467793+00:00", "symbol": "DOGE-USD"}, {"trade_id": 139200401, "side": "buy", "size": "55.90000000", "price": "0.20078000", "time": "2025-07-16T01:08:16.637817Z", "fetched_at": "2025-07-16T01:10:49.467793+00:00", "symbol": "DOGE-USD"}, {"trade_id": 139200400, "side": "buy", "size": "1072.00000000", "price": "0.20080000", "time": "2025-07-16T01:08:16.624525Z", "fetched_at": "2025-07-16T01:10:49.467793+00:00", "symbol": "DOGE-USD"}, {"trade_id": 139200399, "side": "buy", "size": "1562.00000000", "price": "0.20080000", "time": "2025-07-16T01:08:16.624525Z", "fetched_at": "2025-07-16T01:10:49.467793+00:00", "symbol": "DOGE-USD"}, {"trade_id": 139200398, "side": "buy", "size": "700.00000000", "price": "0.20081000", "time": "2025-07-16T01:08:16.624240Z", "fetched_at": "2025-07-16T01:10:49.467793+00:00", "symbol": "DOGE-USD"}, {"trade_id": 139200397, "side": "buy", "size": "31.00000000", "price": "0.20080000", "time": "2025-07-16T01:08:16.341354Z", "fetched_at": "2025-07-16T01:10:49.467793+00:00", "symbol": "DOGE-USD"}, {"trade_id": 139200396, "side": "sell", "size": "10.50000000", "price": "0.20077000", "time": "2025-07-16T01:08:15.803721Z", "fetched_at": "2025-07-16T01:10:49.467793+00:00", "symbol": "DOGE-USD"}, {"trade_id": 139200395, "side": "buy", "size": "25.90000000", "price": "0.20076000", "time": "2025-07-16T01:08:14.669429Z", "fetched_at": "2025-07-16T01:10:49.467793+00:00", "symbol": "DOGE-USD"}, {"trade_id": 139200394, "side": "buy", "size": "15.20000000", "price": "0.20076000", "time": "2025-07-16T01:08:13.941035Z", "fetched_at": "2025-07-16T01:10:49.467793+00:00", "symbol": "DOGE-USD"}, {"trade_id": 139200393, "side": "buy", "size": "1002.20000000", "price": "0.20076000", "time": "2025-07-16T01:08:13.725403Z", "fetched_at": "2025-07-16T01:10:49.467793+00:00", "symbol": "DOGE-USD"}, {"trade_id": 139200392, "side": "sell", "size": "14.50000000", "price": "0.20080000", "time": "2025-07-16T01:08:13.412154Z", "fetched_at": "2025-07-16T01:10:49.467793+00:00", "symbol": "DOGE-USD"}, {"trade_id": 139200391, "side": "sell", "size": "5.50000000", "price": "0.20080000", "time": "2025-07-16T01:08:13.412154Z", "fetched_at": "2025-07-16T01:10:49.467793+00:00", "symbol": "DOGE-USD"}, {"trade_id": 139200390, "side": "sell", "size": "10.60000000", "price": "0.20079000", "time": "2025-07-16T01:08:13.412154Z", "fetched_at": "2025-07-16T01:10:49.467793+00:00", "symbol": "DOGE-USD"}, {"trade_id": 139200389, "side": "sell", "size": "5.50000000", "price": "0.20078000", "time": "2025-07-16T01:08:13.412154Z", "fetched_at": "2025-07-16T01:10:49.467793+00:00", "symbol": "DOGE-USD"}, {"trade_id": 139200388, "side": "buy", "size": "25.40000000", "price": "0.20075000", "time": "2025-07-16T01:08:12.947568Z", "fetched_at": "2025-07-16T01:10:49.467793+00:00", "symbol": "DOGE-USD"}, {"trade_id": 139200387, "side": "buy", "size": "15.20000000", "price": "0.20076000", "time": "2025-07-16T01:08:12.614699Z", "fetched_at": "2025-07-16T01:10:49.467793+00:00", "symbol": "DOGE-USD"}, {"trade_id": 139200386, "side": "buy", "size": "15.20000000", "price": "0.20076000", "time": "2025-07-16T01:08:12.602213Z", "fetched_at": "2025-07-16T01:10:49.467793+00:00", "symbol": "DOGE-USD"}, {"trade_id": 139200385, "side": "sell", "size": "10.90000000", "price": "0.20076000", "time": "2025-07-16T01:08:12.071059Z", "fetched_at": "2025-07-16T01:10:49.467793+00:00", "symbol": "DOGE-USD"}, {"trade_id": 139200384, "side": "sell", "size": "5.50000000", "price": "0.20076000", "time": "2025-07-16T01:08:12.071059Z", "fetched_at": "2025-07-16T01:10:49.467793+00:00", "symbol": "DOGE-USD"}, {"trade_id": 139200383, "side": "buy", "size": "15.60000000", "price": "0.20075000", "time": "2025-07-16T01:08:11.465586Z", "fetched_at": "2025-07-16T01:10:49.467793+00:00", "symbol": "DOGE-USD"}, {"trade_id": 139200382, "side": "buy", "size": "25.60000000", "price": "0.20074000", "time": "2025-07-16T01:08:10.766210Z", "fetched_at": "2025-07-16T01:10:49.467793+00:00", "symbol": "DOGE-USD"}, {"trade_id": 139200381, "side": "buy", "size": "15.20000000", "price": "0.20074000", "time": "2025-07-16T01:08:10.760258Z", "fetched_at": "2025-07-16T01:10:49.467793+00:00", "symbol": "DOGE-USD"}, {"trade_id": 139200380, "side": "buy", "size": "51.20000000", "price": "0.20074000", "time": "2025-07-16T01:08:10.630622Z", "fetched_at": "2025-07-16T01:10:49.467793+00:00", "symbol": "DOGE-USD"}, {"trade_id": 139200379, "side": "buy", "size": "30.60000000", "price": "0.20075000", "time": "2025-07-16T01:08:10.340982Z", "fetched_at": "2025-07-16T01:10:49.467793+00:00", "symbol": "DOGE-USD"}, {"trade_id": 139200378, "side": "sell", "size": "865.20000000", "price": "0.20072000", "time": "2025-07-16T01:08:09.773223Z", "fetched_at": "2025-07-16T01:10:49.467793+00:00", "symbol": "DOGE-USD"}, {"trade_id": 139200377, "side": "sell", "size": "865.20000000", "price": "0.20072000", "time": "2025-07-16T01:08:09.773223Z", "fetched_at": "2025-07-16T01:10:49.467793+00:00", "symbol": "DOGE-USD"}, {"trade_id": 139200376, "side": "sell", "size": "10.50000000", "price": "0.20071000", "time": "2025-07-16T01:08:09.773223Z", "fetched_at": "2025-07-16T01:10:49.467793+00:00", "symbol": "DOGE-USD"}, {"trade_id": 139200375, "side": "buy", "size": "1172.30000000", "price": "0.20074000", "time": "2025-07-16T01:08:07.762230Z", "fetched_at": "2025-07-16T01:10:49.467793+00:00", "symbol": "DOGE-USD"}, {"trade_id": 139200374, "side": "sell", "size": "1750.30000000", "price": "0.20076000", "time": "2025-07-16T01:08:06.696092Z", "fetched_at": "2025-07-16T01:10:49.467793+00:00", "symbol": "DOGE-USD"}, {"trade_id": 139200373, "side": "sell", "size": "5.50000000", "price": "0.20076000", "time": "2025-07-16T01:08:06.696092Z", "fetched_at": "2025-07-16T01:10:49.467793+00:00", "symbol": "DOGE-USD"}, {"trade_id": 139200372, "side": "sell", "size": "700.00000000", "price": "0.20075000", "time": "2025-07-16T01:08:06.696092Z", "fetched_at": "2025-07-16T01:10:49.467793+00:00", "symbol": "DOGE-USD"}, {"trade_id": 139200371, "side": "sell", "size": "10.70000000", "price": "0.20074000", "time": "2025-07-16T01:08:06.696092Z", "fetched_at": "2025-07-16T01:10:49.467793+00:00", "symbol": "DOGE-USD"}, {"trade_id": 139200370, "side": "sell", "size": "5.50000000", "price": "0.20074000", "time": "2025-07-16T01:08:06.696092Z", "fetched_at": "2025-07-16T01:10:49.467793+00:00", "symbol": "DOGE-USD"}, {"trade_id": 139200369, "side": "sell", "size": "5.50000000", "price": "0.20072000", "time": "2025-07-16T01:08:05.585912Z", "fetched_at": "2025-07-16T01:10:49.467793+00:00", "symbol": "DOGE-USD"}, {"trade_id": 139200368, "side": "sell", "size": "19.90000000", "price": "0.20070000", "time": "2025-07-16T01:08:03.416964Z", "fetched_at": "2025-07-16T01:10:49.467793+00:00", "symbol": "DOGE-USD"}, {"trade_id": 139200367, "side": "sell", "size": "5.50000000", "price": "0.20070000", "time": "2025-07-16T01:08:03.416964Z", "fetched_at": "2025-07-16T01:10:49.467793+00:00", "symbol": "DOGE-USD"}, {"trade_id": 139200366, "side": "sell", "size": "2731.80000000", "price": "0.20070000", "time": "2025-07-16T01:08:03.416964Z", "fetched_at": "2025-07-16T01:10:49.467793+00:00", "symbol": "DOGE-USD"}, {"trade_id": 139200365, "side": "sell", "size": "5.50000000", "price": "0.20068000", "time": "2025-07-16T01:08:03.410035Z", "fetched_at": "2025-07-16T01:10:49.467793+00:00", "symbol": "DOGE-USD"}, {"trade_id": 139200364, "side": "sell", "size": "12.40000000", "price": "0.20067000", "time": "2025-07-16T01:08:03.407595Z", "fetched_at": "2025-07-16T01:10:49.467793+00:00", "symbol": "DOGE-USD"}, {"trade_id": 139200363, "side": "sell", "size": "865.20000000", "price": "0.20066000", "time": "2025-07-16T01:08:03.398129Z", "fetched_at": "2025-07-16T01:10:49.467793+00:00", "symbol": "DOGE-USD"}, {"trade_id": 139200362, "side": "sell", "size": "1478.90000000", "price": "0.20065000", "time": "2025-07-16T01:08:03.397988Z", "fetched_at": "2025-07-16T01:10:49.467793+00:00", "symbol": "DOGE-USD"}, {"trade_id": 139200361, "side": "sell", "size": "12.40000000", "price": "0.20064000", "time": "2025-07-16T01:08:03.397988Z", "fetched_at": "2025-07-16T01:10:49.467793+00:00", "symbol": "DOGE-USD"}, {"trade_id": 139200360, "side": "buy", "size": "1210.20000000", "price": "0.20064000", "time": "2025-07-16T01:08:03.208477Z", "fetched_at": "2025-07-16T01:10:49.467793+00:00", "symbol": "DOGE-USD"}, {"trade_id": 139200359, "side": "buy", "size": "5.50000000", "price": "0.20064000", "time": "2025-07-16T01:08:03.208477Z", "fetched_at": "2025-07-16T01:10:49.467793+00:00", "symbol": "DOGE-USD"}, {"trade_id": 139200358, "side": "sell", "size": "0.10000000", "price": "0.20065000", "time": "2025-07-16T01:08:00.262298Z", "fetched_at": "2025-07-16T01:10:49.467793+00:00", "symbol": "DOGE-USD"}, {"trade_id": 139200357, "side": "buy", "size": "436.00000000", "price": "0.20068000", "time": "2025-07-16T01:07:56.334243Z", "fetched_at": "2025-07-16T01:10:49.467793+00:00", "symbol": "DOGE-USD"}, {"trade_id": 139200356, "side": "buy", "size": "865.20000000", "price": "0.20065000", "time": "2025-07-16T01:07:55.872998Z", "fetched_at": "2025-07-16T01:10:49.467793+00:00", "symbol": "DOGE-USD"}, {"trade_id": 139200355, "side": "buy", "size": "18018.90000000", "price": "0.20065000", "time": "2025-07-16T01:07:55.872998Z", "fetched_at": "2025-07-16T01:10:49.467793+00:00", "symbol": "DOGE-USD"}, {"trade_id": 139200354, "side": "buy", "size": "5.50000000", "price": "0.20066000", "time": "2025-07-16T01:07:55.872998Z", "fetched_at": "2025-07-16T01:10:49.467793+00:00", "symbol": "DOGE-USD"}, {"trade_id": 139200353, "side": "buy", "size": "4484.90000000", "price": "0.20067000", "time": "2025-07-16T01:07:55.872874Z", "fetched_at": "2025-07-16T01:10:49.467793+00:00", "symbol": "DOGE-USD"}, {"trade_id": 139200352, "side": "buy", "size": "55.90000000", "price": "0.20067000", "time": "2025-07-16T01:07:55.872874Z", "fetched_at": "2025-07-16T01:10:49.467793+00:00", "symbol": "DOGE-USD"}, {"trade_id": 139200351, "side": "buy", "size": "1593.00000000", "price": "0.20067000", "time": "2025-07-16T01:07:55.872874Z", "fetched_at": "2025-07-16T01:10:49.467793+00:00", "symbol": "DOGE-USD"}, {"trade_id": 139200350, "side": "buy", "size": "5.50000000", "price": "0.20068000", "time": "2025-07-16T01:07:55.872874Z", "fetched_at": "2025-07-16T01:10:49.467793+00:00", "symbol": "DOGE-USD"}, {"trade_id": 139200349, "side": "buy", "size": "697.40000000", "price": "0.20070000", "time": "2025-07-16T01:07:55.871825Z", "fetched_at": "2025-07-16T01:10:49.467793+00:00", "symbol": "DOGE-USD"}, {"trade_id": 139200348, "side": "buy", "size": "5.50000000", "price": "0.20070000", "time": "2025-07-16T01:07:55.871825Z", "fetched_at": "2025-07-16T01:10:49.467793+00:00", "symbol": "DOGE-USD"}, {"trade_id": 139200347, "side": "buy", "size": "5.50000000", "price": "0.20072000", "time": "2025-07-16T01:07:53.340278Z", "fetched_at": "2025-07-16T01:10:49.467793+00:00", "symbol": "DOGE-USD"}, {"trade_id": 139200346, "side": "buy", "size": "824.90000000", "price": "0.20074000", "time": "2025-07-16T01:07:53.339996Z", "fetched_at": "2025-07-16T01:10:49.467793+00:00", "symbol": "DOGE-USD"}, {"trade_id": 139200345, "side": "buy", "size": "5.50000000", "price": "0.20074000", "time": "2025-07-16T01:07:53.339996Z", "fetched_at": "2025-07-16T01:10:49.467793+00:00", "symbol": "DOGE-USD"}, {"trade_id": 139200344, "side": "buy", "size": "973.70000000", "price": "0.20076000", "time": "2025-07-16T01:07:51.448674Z", "fetched_at": "2025-07-16T01:10:49.467793+00:00", "symbol": "DOGE-USD"}, {"trade_id": 139200343, "side": "buy", "size": "5.50000000", "price": "0.20076000", "time": "2025-07-16T01:07:51.448674Z", "fetched_at": "2025-07-16T01:10:49.467793+00:00", "symbol": "DOGE-USD"}, {"trade_id": 139200342, "side": "buy", "size": "30.80000000", "price": "0.20079000", "time": "2025-07-16T01:07:50.210927Z", "fetched_at": "2025-07-16T01:10:49.467793+00:00", "symbol": "DOGE-USD"}, {"trade_id": 139200341, "side": "sell", "size": "476.60000000", "price": "0.20081000", "time": "2025-07-16T01:07:50.203276Z", "fetched_at": "2025-07-16T01:10:49.467793+00:00", "symbol": "DOGE-USD"}, {"trade_id": 139200340, "side": "sell", "size": "7.30000000", "price": "0.20080000", "time": "2025-07-16T01:07:50.203276Z", "fetched_at": "2025-07-16T01:10:49.467793+00:00", "symbol": "DOGE-USD"}, {"trade_id": 139200339, "side": "sell", "size": "123.20000000", "price": "0.20079000", "time": "2025-07-16T01:07:49.142579Z", "fetched_at": "2025-07-16T01:10:49.467793+00:00", "symbol": "DOGE-USD"}, {"trade_id": 139200338, "side": "buy", "size": "201.30000000", "price": "0.20077000", "time": "2025-07-16T01:07:46.932522Z", "fetched_at": "2025-07-16T01:10:49.467793+00:00", "symbol": "DOGE-USD"}, {"trade_id": 139200337, "side": "buy", "size": "5.40000000", "price": "0.20078000", "time": "2025-07-16T01:07:46.932522Z", "fetched_at": "2025-07-16T01:10:49.467793+00:00", "symbol": "DOGE-USD"}, {"trade_id": 139200336, "side": "buy", "size": "206.70000000", "price": "0.20078000", "time": "2025-07-16T01:07:46.907251Z", "fetched_at": "2025-07-16T01:10:49.467793+00:00", "symbol": "DOGE-USD"}, {"trade_id": 139200335, "side": "buy", "size": "30.40000000", "price": "0.20078000", "time": "2025-07-16T01:07:46.896584Z", "fetched_at": "2025-07-16T01:10:49.467793+00:00", "symbol": "DOGE-USD"}, {"trade_id": 139200334, "side": "buy", "size": "206.70000000", "price": "0.20078000", "time": "2025-07-16T01:07:46.820967Z", "fetched_at": "2025-07-16T01:10:49.467793+00:00", "symbol": "DOGE-USD"}, {"trade_id": 139200333, "side": "buy", "size": "349.30000000", "price": "0.20078000", "time": "2025-07-16T01:07:46.740715Z", "fetched_at": "2025-07-16T01:10:49.467793+00:00", "symbol": "DOGE-USD"}, {"trade_id": 139200332, "side": "buy", "size": "349.30000000", "price": "0.20078000", "time": "2025-07-16T01:07:46.734358Z", "fetched_at": "2025-07-16T01:10:49.467793+00:00", "symbol": "DOGE-USD"}, {"trade_id": 139200331, "side": "buy", "size": "10.30000000", "price": "0.20078000", "time": "2025-07-16T01:07:46.688303Z", "fetched_at": "2025-07-16T01:10:49.467793+00:00", "symbol": "DOGE-USD"}, {"trade_id": 139200330, "side": "buy", "size": "15.30000000", "price": "0.20078000", "time": "2025-07-16T01:07:46.546234Z", "fetched_at": "2025-07-16T01:10:49.467793+00:00", "symbol": "DOGE-USD"}, {"trade_id": 139200329, "side": "buy", "size": "522.20000000", "price": "0.20077000", "time": "2025-07-16T01:07:44.979579Z", "fetched_at": "2025-07-16T01:10:49.467793+00:00", "symbol": "DOGE-USD"}, {"trade_id": 139200328, "side": "buy", "size": "1302.60000000", "price": "0.20078000", "time": "2025-07-16T01:07:44.774147Z", "fetched_at": "2025-07-16T01:10:49.467793+00:00", "symbol": "DOGE-USD"}, {"trade_id": 139200327, "side": "buy", "size": "35.90000000", "price": "0.20078000", "time": "2025-07-16T01:07:44.593498Z", "fetched_at": "2025-07-16T01:10:49.467793+00:00", "symbol": "DOGE-USD"}, {"trade_id": 139200326, "side": "buy", "size": "36.40000000", "price": "0.20078000", "time": "2025-07-16T01:07:44.213465Z", "fetched_at": "2025-07-16T01:10:49.467793+00:00", "symbol": "DOGE-USD"}, {"trade_id": 139200325, "side": "buy", "size": "174.80000000", "price": "0.20078000", "time": "2025-07-16T01:07:44.090942Z", "fetched_at": "2025-07-16T01:10:49.467793+00:00", "symbol": "DOGE-USD"}, {"trade_id": 139200324, "side": "buy", "size": "542.80000000", "price": "0.20078000", "time": "2025-07-16T01:07:44.067171Z", "fetched_at": "2025-07-16T01:10:49.467793+00:00", "symbol": "DOGE-USD"}, {"trade_id": 139200323, "side": "buy", "size": "45.30000000", "price": "0.20078000", "time": "2025-07-16T01:07:43.996809Z", "fetched_at": "2025-07-16T01:10:49.467793+00:00", "symbol": "DOGE-USD"}, {"trade_id": 139200322, "side": "buy", "size": "175.80000000", "price": "0.20078000", "time": "2025-07-16T01:07:43.793114Z", "fetched_at": "2025-07-16T01:10:49.467793+00:00", "symbol": "DOGE-USD"}, {"trade_id": 139200321, "side": "buy", "size": "351.60000000", "price": "0.20078000", "time": "2025-07-16T01:07:43.761088Z", "fetched_at": "2025-07-16T01:10:49.467793+00:00", "symbol": "DOGE-USD"}, {"trade_id": 139200320, "side": "buy", "size": "169.80000000", "price": "0.20078000", "time": "2025-07-16T01:07:43.711593Z", "fetched_at": "2025-07-16T01:10:49.467793+00:00", "symbol": "DOGE-USD"}, {"trade_id": 139200319, "side": "buy", "size": "1513.90000000", "price": "0.20078000", "time": "2025-07-16T01:07:43.711593Z", "fetched_at": "2025-07-16T01:10:49.467793+00:00", "symbol": "DOGE-USD"}, {"trade_id": 139200318, "side": "buy", "size": "1612.50000000", "price": "0.20078000", "time": "2025-07-16T01:07:43.711593Z", "fetched_at": "2025-07-16T01:10:49.467793+00:00", "symbol": "DOGE-USD"}, {"trade_id": 139200317, "side": "buy", "size": "4.60000000", "price": "0.20078000", "time": "2025-07-16T01:07:42.627127Z", "fetched_at": "2025-07-16T01:10:49.467793+00:00", "symbol": "DOGE-USD"}, {"trade_id": 139200316, "side": "buy", "size": "0.90000000", "price": "0.20078000", "time": "2025-07-16T01:07:42.627127Z", "fetched_at": "2025-07-16T01:10:49.467793+00:00", "symbol": "DOGE-USD"}, {"trade_id": 139200315, "side": "buy", "size": "9.70000000", "price": "0.20081000", "time": "2025-07-16T01:07:42.627127Z", "fetched_at": "2025-07-16T01:10:49.467793+00:00", "symbol": "DOGE-USD"}, {"trade_id": 139200314, "side": "buy", "size": "15.20000000", "price": "0.20081000", "time": "2025-07-16T01:07:42.615577Z", "fetched_at": "2025-07-16T01:10:49.467793+00:00", "symbol": "DOGE-USD"}, {"trade_id": 139200313, "side": "buy", "size": "4.60000000", "price": "0.20078000", "time": "2025-07-16T01:07:42.290976Z", "fetched_at": "2025-07-16T01:10:49.467793+00:00", "symbol": "DOGE-USD"}, {"trade_id": 139200312, "side": "buy", "size": "5.50000000", "price": "0.20080000", "time": "2025-07-16T01:07:42.290976Z", "fetched_at": "2025-07-16T01:10:49.467793+00:00", "symbol": "DOGE-USD"}, {"trade_id": 139200311, "side": "sell", "size": "56.70000000", "price": "0.20082000", "time": "2025-07-16T01:07:42.101455Z", "fetched_at": "2025-07-16T01:10:49.467793+00:00", "symbol": "DOGE-USD"}, {"trade_id": 139200310, "side": "buy", "size": "10.30000000", "price": "0.20081000", "time": "2025-07-16T01:07:40.881055Z", "fetched_at": "2025-07-16T01:10:49.467793+00:00", "symbol": "DOGE-USD"}, {"trade_id": 139200309, "side": "sell", "size": "369.10000000", "price": "0.20083000", "time": "2025-07-16T01:07:40.781074Z", "fetched_at": "2025-07-16T01:10:49.467793+00:00", "symbol": "DOGE-USD"}, {"trade_id": 139200308, "side": "sell", "size": "121.00000000", "price": "0.20082000", "time": "2025-07-16T01:07:40.492977Z", "fetched_at": "2025-07-16T01:10:49.467793+00:00", "symbol": "DOGE-USD"}, {"trade_id": 139200307, "side": "buy", "size": "15.10000000", "price": "0.20081000", "time": "2025-07-16T01:07:40.261071Z", "fetched_at": "2025-07-16T01:10:49.467793+00:00", "symbol": "DOGE-USD"}, {"trade_id": 139200306, "side": "buy", "size": "5.50000000", "price": "0.20082000", "time": "2025-07-16T01:07:40.261071Z", "fetched_at": "2025-07-16T01:10:49.467793+00:00", "symbol": "DOGE-USD"}, {"trade_id": 139200305, "side": "buy", "size": "51.30000000", "price": "0.20083000", "time": "2025-07-16T01:07:39.956852Z", "fetched_at": "2025-07-16T01:10:49.467793+00:00", "symbol": "DOGE-USD"}, {"trade_id": 139200304, "side": "sell", "size": "35.90000000", "price": "0.20085000", "time": "2025-07-16T01:07:39.695179Z", "fetched_at": "2025-07-16T01:10:49.467793+00:00", "symbol": "DOGE-USD"}, {"trade_id": 139200303, "side": "buy", "size": "10.30000000", "price": "0.20083000", "time": "2025-07-16T01:07:39.575429Z", "fetched_at": "2025-07-16T01:10:49.467793+00:00", "symbol": "DOGE-USD"}, {"trade_id": 139200302, "side": "buy", "size": "15.10000000", "price": "0.20083000", "time": "2025-07-16T01:07:39.192134Z", "fetched_at": "2025-07-16T01:10:49.467793+00:00", "symbol": "DOGE-USD"}, {"trade_id": 139200301, "side": "buy", "size": "15.10000000", "price": "0.20083000", "time": "2025-07-16T01:07:39.171867Z", "fetched_at": "2025-07-16T01:10:49.467793+00:00", "symbol": "DOGE-USD"}, {"trade_id": 139200300, "side": "buy", "size": "10.00000000", "price": "0.20082000", "time": "2025-07-16T01:07:38.764902Z", "fetched_at": "2025-07-16T01:10:49.467793+00:00", "symbol": "DOGE-USD"}, {"trade_id": 139200299, "side": "sell", "size": "581.40000000", "price": "0.20087000", "time": "2025-07-16T01:07:38.121474Z", "fetched_at": "2025-07-16T01:10:49.467793+00:00", "symbol": "DOGE-USD"}, {"trade_id": 139200298, "side": "sell", "size": "5.50000000", "price": "0.20086000", "time": "2025-07-16T01:07:38.121474Z", "fetched_at": "2025-07-16T01:10:49.467793+00:00", "symbol": "DOGE-USD"}, {"trade_id": 139200297, "side": "buy", "size": "36.00000000", "price": "0.20082000", "time": "2025-07-16T01:07:37.814888Z", "fetched_at": "2025-07-16T01:10:49.467793+00:00", "symbol": "DOGE-USD"}, {"trade_id": 139200296, "side": "buy", "size": "36.00000000", "price": "0.20082000", "time": "2025-07-16T01:07:37.811856Z", "fetched_at": "2025-07-16T01:10:49.467793+00:00", "symbol": "DOGE-USD"}, {"trade_id": 139200295, "side": "buy", "size": "10.00000000", "price": "0.20085000", "time": "2025-07-16T01:07:37.467420Z", "fetched_at": "2025-07-16T01:10:49.467793+00:00", "symbol": "DOGE-USD"}, {"trade_id": 139200294, "side": "buy", "size": "25.40000000", "price": "0.20083000", "time": "2025-07-16T01:07:37.222649Z", "fetched_at": "2025-07-16T01:10:49.467793+00:00", "symbol": "DOGE-USD"}, {"trade_id": 139200293, "side": "buy", "size": "103.30000000", "price": "0.20082000", "time": "2025-07-16T01:07:34.803556Z", "fetched_at": "2025-07-16T01:10:49.467793+00:00", "symbol": "DOGE-USD"}, {"trade_id": 139200292, "side": "buy", "size": "87.90000000", "price": "0.20082000", "time": "2025-07-16T01:07:34.632122Z", "fetched_at": "2025-07-16T01:10:49.467793+00:00", "symbol": "DOGE-USD"}, {"trade_id": 139200291, "side": "buy", "size": "206.70000000", "price": "0.20082000", "time": "2025-07-16T01:07:34.486468Z", "fetched_at": "2025-07-16T01:10:49.467793+00:00", "symbol": "DOGE-USD"}, {"trade_id": 139200290, "side": "buy", "size": "103.30000000", "price": "0.20082000", "time": "2025-07-16T01:07:34.445892Z", "fetched_at": "2025-07-16T01:10:49.467793+00:00", "symbol": "DOGE-USD"}, {"trade_id": 139200289, "side": "buy", "size": "103.30000000", "price": "0.20082000", "time": "2025-07-16T01:07:34.435169Z", "fetched_at": "2025-07-16T01:10:49.467793+00:00", "symbol": "DOGE-USD"}, {"trade_id": 139200288, "side": "buy", "size": "206.70000000", "price": "0.20082000", "time": "2025-07-16T01:07:34.399930Z", "fetched_at": "2025-07-16T01:10:49.467793+00:00", "symbol": "DOGE-USD"}, {"trade_id": 139200287, "side": "buy", "size": "103.30000000", "price": "0.20082000", "time": "2025-07-16T01:07:34.031508Z", "fetched_at": "2025-07-16T01:10:49.467793+00:00", "symbol": "DOGE-USD"}, {"trade_id": 139200286, "side": "buy", "size": "170.50000000", "price": "0.20082000", "time": "2025-07-16T01:07:33.414892Z", "fetched_at": "2025-07-16T01:10:49.467793+00:00", "symbol": "DOGE-USD"}, {"trade_id": 139200285, "side": "buy", "size": "170.50000000", "price": "0.20082000", "time": "2025-07-16T01:07:33.403264Z", "fetched_at": "2025-07-16T01:10:49.467793+00:00", "symbol": "DOGE-USD"}, {"trade_id": 139200284, "side": "buy", "size": "15.30000000", "price": "0.20081000", "time": "2025-07-16T01:07:32.445137Z", "fetched_at": "2025-07-16T01:10:49.467793+00:00", "symbol": "DOGE-USD"}, {"trade_id": 139200283, "side": "buy", "size": "344.70000000", "price": "0.20081000", "time": "2025-07-16T01:07:32.407525Z", "fetched_at": "2025-07-16T01:10:49.467793+00:00", "symbol": "DOGE-USD"}, {"trade_id": 139200282, "side": "buy", "size": "10.10000000", "price": "0.20081000", "time": "2025-07-16T01:07:32.331309Z", "fetched_at": "2025-07-16T01:10:49.467793+00:00", "symbol": "DOGE-USD"}, {"trade_id": 139200281, "side": "buy", "size": "520.00000000", "price": "0.20081000", "time": "2025-07-16T01:07:32.268710Z", "fetched_at": "2025-07-16T01:10:49.467793+00:00", "symbol": "DOGE-USD"}, {"trade_id": 139200280, "side": "buy", "size": "10.10000000", "price": "0.20081000", "time": "2025-07-16T01:07:32.231988Z", "fetched_at": "2025-07-16T01:10:49.467793+00:00", "symbol": "DOGE-USD"}, {"trade_id": 139200279, "side": "buy", "size": "346.60000000", "price": "0.20081000", "time": "2025-07-16T01:07:32.021100Z", "fetched_at": "2025-07-16T01:10:49.467793+00:00", "symbol": "DOGE-USD"}, {"trade_id": 139200278, "side": "buy", "size": "257.40000000", "price": "0.20081000", "time": "2025-07-16T01:07:32.005219Z", "fetched_at": "2025-07-16T01:10:49.467793+00:00", "symbol": "DOGE-USD"}, {"trade_id": 139200277, "side": "buy", "size": "346.60000000", "price": "0.20081000", "time": "2025-07-16T01:07:31.727101Z", "fetched_at": "2025-07-16T01:10:49.467793+00:00", "symbol": "DOGE-USD"}, {"trade_id": 139200276, "side": "sell", "size": "698.30000000", "price": "0.20083000", "time": "2025-07-16T01:07:28.861744Z", "fetched_at": "2025-07-16T01:10:49.467793+00:00", "symbol": "DOGE-USD"}, {"trade_id": 139200275, "side": "sell", "size": "10.40000000", "price": "0.20082000", "time": "2025-07-16T01:07:28.861744Z", "fetched_at": "2025-07-16T01:10:49.467793+00:00", "symbol": "DOGE-USD"}, {"trade_id": 139200274, "side": "sell", "size": "72.60000000", "price": "0.20082000", "time": "2025-07-16T01:07:28.650644Z", "fetched_at": "2025-07-16T01:10:49.467793+00:00", "symbol": "DOGE-USD"}, {"trade_id": 139200273, "side": "buy", "size": "1847.10000000", "price": "0.20084000", "time": "2025-07-16T01:07:28.336556Z", "fetched_at": "2025-07-16T01:10:49.467793+00:00", "symbol": "DOGE-USD"}, {"trade_id": 139200272, "side": "sell", "size": "11.50000000", "price": "0.20084000", "time": "2025-07-16T01:07:25.903376Z", "fetched_at": "2025-07-16T01:10:49.467793+00:00", "symbol": "DOGE-USD"}, {"trade_id": 139200271, "side": "buy", "size": "775.60000000", "price": "0.20083000", "time": "2025-07-16T01:07:22.514309Z", "fetched_at": "2025-07-16T01:10:49.467793+00:00", "symbol": "DOGE-USD"}, {"trade_id": 139200270, "side": "buy", "size": "396.80000000", "price": "0.20083000", "time": "2025-07-16T01:07:22.514309Z", "fetched_at": "2025-07-16T01:10:49.467793+00:00", "symbol": "DOGE-USD"}, {"trade_id": 139200269, "side": "buy", "size": "336.50000000", "price": "0.20083000", "time": "2025-07-16T01:07:22.514309Z", "fetched_at": "2025-07-16T01:10:49.467793+00:00", "symbol": "DOGE-USD"}, {"trade_id": 139200268, "side": "sell", "size": "35.40000000", "price": "0.20085000", "time": "2025-07-16T01:07:21.792594Z", "fetched_at": "2025-07-16T01:10:49.467793+00:00", "symbol": "DOGE-USD"}, {"trade_id": 139200267, "side": "sell", "size": "12.70000000", "price": "0.20084000", "time": "2025-07-16T01:07:21.792594Z", "fetched_at": "2025-07-16T01:10:49.467793+00:00", "symbol": "DOGE-USD"}, {"trade_id": 139200266, "side": "buy", "size": "52.20000000", "price": "0.20085000", "time": "2025-07-16T01:07:19.193667Z", "fetched_at": "2025-07-16T01:10:49.467793+00:00", "symbol": "DOGE-USD"}, {"trade_id": 139200265, "side": "sell", "size": "5.50000000", "price": "0.20084000", "time": "2025-07-16T01:07:18.728607Z", "fetched_at": "2025-07-16T01:10:49.467793+00:00", "symbol": "DOGE-USD"}, {"trade_id": 139200264, "side": "sell", "size": "2218.80000000", "price": "0.20083000", "time": "2025-07-16T01:07:18.470471Z", "fetched_at": "2025-07-16T01:10:49.467793+00:00", "symbol": "DOGE-USD"}, {"trade_id": 139200263, "side": "sell", "size": "12723.30000000", "price": "0.20083000", "time": "2025-07-16T01:07:18.465472Z", "fetched_at": "2025-07-16T01:10:49.467793+00:00", "symbol": "DOGE-USD"}, {"trade_id": 139200262, "side": "sell", "size": "16.10000000", "price": "0.20082000", "time": "2025-07-16T01:07:18.465472Z", "fetched_at": "2025-07-16T01:10:49.467793+00:00", "symbol": "DOGE-USD"}, {"trade_id": 139200261, "side": "sell", "size": "5.50000000", "price": "0.20082000", "time": "2025-07-16T01:07:18.465472Z", "fetched_at": "2025-07-16T01:10:49.467793+00:00", "symbol": "DOGE-USD"}, {"trade_id": 139200260, "side": "sell", "size": "3035.50000000", "price": "0.20079000", "time": "2025-07-16T01:07:18.227051Z", "fetched_at": "2025-07-16T01:10:49.467793+00:00", "symbol": "DOGE-USD"}, {"trade_id": 139200259, "side": "sell", "size": "865.20000000", "price": "0.20079000", "time": "2025-07-16T01:07:18.227051Z", "fetched_at": "2025-07-16T01:10:49.467793+00:00", "symbol": "DOGE-USD"}, {"trade_id": 139200258, "side": "sell", "size": "16.90000000", "price": "0.20077000", "time": "2025-07-16T01:07:18.227051Z", "fetched_at": "2025-07-16T01:10:49.467793+00:00", "symbol": "DOGE-USD"}, {"trade_id": 139200257, "side": "sell", "size": "261.80000000", "price": "0.20081000", "time": "2025-07-16T01:07:10.597766Z", "fetched_at": "2025-07-16T01:10:49.467793+00:00", "symbol": "DOGE-USD"}, {"trade_id": 139200256, "side": "sell", "size": "15.40000000", "price": "0.20081000", "time": "2025-07-16T01:07:10.597766Z", "fetched_at": "2025-07-16T01:10:49.467793+00:00", "symbol": "DOGE-USD"}, {"trade_id": 139200255, "side": "buy", "size": "1637.30000000", "price": "0.20080000", "time": "2025-07-16T01:07:10.591165Z", "fetched_at": "2025-07-16T01:10:49.467793+00:00", "symbol": "DOGE-USD"}, {"trade_id": 139200254, "side": "sell", "size": "2500.00000000", "price": "0.20082000", "time": "2025-07-16T01:07:08.752485Z", "fetched_at": "2025-07-16T01:10:49.467793+00:00", "symbol": "DOGE-USD"}, {"trade_id": 139200253, "side": "sell", "size": "865.20000000", "price": "0.20082000", "time": "2025-07-16T01:07:08.752485Z", "fetched_at": "2025-07-16T01:10:49.467793+00:00", "symbol": "DOGE-USD"}, {"trade_id": 139200252, "side": "sell", "size": "2031.10000000", "price": "0.20081000", "time": "2025-07-16T01:07:08.749924Z", "fetched_at": "2025-07-16T01:10:49.467793+00:00", "symbol": "DOGE-USD"}, {"trade_id": 139200251, "side": "sell", "size": "20.90000000", "price": "0.20080000", "time": "2025-07-16T01:07:08.749924Z", "fetched_at": "2025-07-16T01:10:49.467793+00:00", "symbol": "DOGE-USD"}, {"trade_id": 139200250, "side": "sell", "size": "42.00000000", "price": "0.20084000", "time": "2025-07-16T01:07:07.123912Z", "fetched_at": "2025-07-16T01:10:49.467793+00:00", "symbol": "DOGE-USD"}, {"trade_id": 139200249, "side": "sell", "size": "21.80000000", "price": "0.20083000", "time": "2025-07-16T01:07:07.123912Z", "fetched_at": "2025-07-16T01:10:49.467793+00:00", "symbol": "DOGE-USD"}, {"trade_id": 139200248, "side": "sell", "size": "22.20000000", "price": "0.20081000", "time": "2025-07-16T01:07:05.122398Z", "fetched_at": "2025-07-16T01:10:49.467793+00:00", "symbol": "DOGE-USD"}, {"trade_id": 139200247, "side": "sell", "size": "1.30000000", "price": "0.20080000", "time": "2025-07-16T01:07:04.493365Z", "fetched_at": "2025-07-16T01:10:49.467793+00:00", "symbol": "DOGE-USD"}, {"trade_id": 139200246, "side": "buy", "size": "5.50000000", "price": "0.20076000", "time": "2025-07-16T01:07:02.734670Z", "fetched_at": "2025-07-16T01:10:49.467793+00:00", "symbol": "DOGE-USD"}, {"trade_id": 139200245, "side": "buy", "size": "2939.80000000", "price": "0.20078000", "time": "2025-07-16T01:07:02.685147Z", "fetched_at": "2025-07-16T01:10:49.467793+00:00", "symbol": "DOGE-USD"}, {"trade_id": 139200244, "side": "buy", "size": "5.50000000", "price": "0.20078000", "time": "2025-07-16T01:07:02.685147Z", "fetched_at": "2025-07-16T01:10:49.467793+00:00", "symbol": "DOGE-USD"}, {"trade_id": 139200243, "side": "buy", "size": "5.50000000", "price": "0.20080000", "time": "2025-07-16T01:07:02.649602Z", "fetched_at": "2025-07-16T01:10:49.467793+00:00", "symbol": "DOGE-USD"}, {"trade_id": 139200242, "side": "buy", "size": "5.50000000", "price": "0.20082000", "time": "2025-07-16T01:07:02.601014Z", "fetched_at": "2025-07-16T01:10:49.467793+00:00", "symbol": "DOGE-USD"}, {"trade_id": 139200241, "side": "buy", "size": "5.50000000", "price": "0.20084000", "time": "2025-07-16T01:07:02.435473Z", "fetched_at": "2025-07-16T01:10:49.467793+00:00", "symbol": "DOGE-USD"}, {"trade_id": 139200240, "side": "buy", "size": "5.50000000", "price": "0.20086000", "time": "2025-07-16T01:07:02.382374Z", "fetched_at": "2025-07-16T01:10:49.467793+00:00", "symbol": "DOGE-USD"}, {"trade_id": 139200239, "side": "sell", "size": "138.10000000", "price": "0.20087000", "time": "2025-07-16T01:07:02.042647Z", "fetched_at": "2025-07-16T01:10:49.467793+00:00", "symbol": "DOGE-USD"}, {"trade_id": 139200238, "side": "sell", "size": "1593.00000000", "price": "0.20087000", "time": "2025-07-16T01:07:02.042647Z", "fetched_at": "2025-07-16T01:10:49.467793+00:00", "symbol": "DOGE-USD"}, {"trade_id": 139200237, "side": "buy", "size": "5.50000000", "price": "0.20088000", "time": "2025-07-16T01:07:01.963313Z", "fetched_at": "2025-07-16T01:10:49.467793+00:00", "symbol": "DOGE-USD"}, {"trade_id": 139200236, "side": "buy", "size": "5.50000000", "price": "0.20090000", "time": "2025-07-16T01:07:01.773880Z", "fetched_at": "2025-07-16T01:10:49.467793+00:00", "symbol": "DOGE-USD"}, {"trade_id": 139200235, "side": "buy", "size": "5.50000000", "price": "0.20092000", "time": "2025-07-16T01:07:01.764862Z", "fetched_at": "2025-07-16T01:10:49.467793+00:00", "symbol": "DOGE-USD"}, {"trade_id": 139200234, "side": "buy", "size": "2060.80000000", "price": "0.20094000", "time": "2025-07-16T01:07:00.867688Z", "fetched_at": "2025-07-16T01:10:49.467793+00:00", "symbol": "DOGE-USD"}