[{"trade_id": 139184542, "side": "buy", "size": "1146.50000000", "price": "0.19529000", "time": "2025-07-15T22:39:23.235492Z", "fetched_at": "2025-07-15T22:39:32.743497+00:00", "symbol": "DOGE-USD"}, {"trade_id": 139184541, "side": "buy", "size": "347.90000000", "price": "0.19531000", "time": "2025-07-15T22:39:23.235492Z", "fetched_at": "2025-07-15T22:39:32.743497+00:00", "symbol": "DOGE-USD"}, {"trade_id": 139184540, "side": "buy", "size": "0.20000000", "price": "0.19526000", "time": "2025-07-15T22:39:16.427830Z", "fetched_at": "2025-07-15T22:39:32.743497+00:00", "symbol": "DOGE-USD"}, {"trade_id": 139184539, "side": "buy", "size": "3.30000000", "price": "0.19526000", "time": "2025-07-15T22:39:08.482173Z", "fetched_at": "2025-07-15T22:39:32.743497+00:00", "symbol": "DOGE-USD"}, {"trade_id": 139184538, "side": "buy", "size": "99.00000000", "price": "0.19526000", "time": "2025-07-15T22:39:08.482173Z", "fetched_at": "2025-07-15T22:39:32.743497+00:00", "symbol": "DOGE-USD"}, {"trade_id": 139184537, "side": "buy", "size": "5.70000000", "price": "0.19528000", "time": "2025-07-15T22:39:05.098006Z", "fetched_at": "2025-07-15T22:39:32.743497+00:00", "symbol": "DOGE-USD"}, {"trade_id": 139184536, "side": "buy", "size": "5.70000000", "price": "0.19530000", "time": "2025-07-15T22:39:04.395783Z", "fetched_at": "2025-07-15T22:39:32.743497+00:00", "symbol": "DOGE-USD"}, {"trade_id": 139184535, "side": "buy", "size": "25560.60000000", "price": "0.19530000", "time": "2025-07-15T22:39:04.395783Z", "fetched_at": "2025-07-15T22:39:32.743497+00:00", "symbol": "DOGE-USD"}, {"trade_id": 139184534, "side": "buy", "size": "5.70000000", "price": "0.19532000", "time": "2025-07-15T22:39:04.395783Z", "fetched_at": "2025-07-15T22:39:32.743497+00:00", "symbol": "DOGE-USD"}, {"trade_id": 139184533, "side": "buy", "size": "5.70000000", "price": "0.19534000", "time": "2025-07-15T22:39:04.123472Z", "fetched_at": "2025-07-15T22:39:32.743497+00:00", "symbol": "DOGE-USD"}, {"trade_id": 139184532, "side": "buy", "size": "5.70000000", "price": "0.19536000", "time": "2025-07-15T22:39:00.351951Z", "fetched_at": "2025-07-15T22:39:32.743497+00:00", "symbol": "DOGE-USD"}, {"trade_id": 139184531, "side": "buy", "size": "5.70000000", "price": "0.19538000", "time": "2025-07-15T22:38:56.858672Z", "fetched_at": "2025-07-15T22:39:32.743497+00:00", "symbol": "DOGE-USD"}, {"trade_id": 139184530, "side": "buy", "size": "5.70000000", "price": "0.19540000", "time": "2025-07-15T22:38:56.680507Z", "fetched_at": "2025-07-15T22:39:32.743497+00:00", "symbol": "DOGE-USD"}, {"trade_id": 139184529, "side": "buy", "size": "5309.40000000", "price": "0.19540000", "time": "2025-07-15T22:38:56.680507Z", "fetched_at": "2025-07-15T22:39:32.743497+00:00", "symbol": "DOGE-USD"}, {"trade_id": 139184528, "side": "buy", "size": "57.40000000", "price": "0.19541000", "time": "2025-07-15T22:38:56.680507Z", "fetched_at": "2025-07-15T22:39:32.743497+00:00", "symbol": "DOGE-USD"}, {"trade_id": 139184527, "side": "buy", "size": "83.90000000", "price": "0.19540000", "time": "2025-07-15T22:38:50.432369Z", "fetched_at": "2025-07-15T22:39:32.743497+00:00", "symbol": "DOGE-USD"}, {"trade_id": 139184526, "side": "buy", "size": "5.70000000", "price": "0.19540000", "time": "2025-07-15T22:38:50.432369Z", "fetched_at": "2025-07-15T22:39:32.743497+00:00", "symbol": "DOGE-USD"}, {"trade_id": 139184525, "side": "buy", "size": "57.40000000", "price": "0.19541000", "time": "2025-07-15T22:38:50.432369Z", "fetched_at": "2025-07-15T22:39:32.743497+00:00", "symbol": "DOGE-USD"}, {"trade_id": 139184524, "side": "buy", "size": "347.90000000", "price": "0.19542000", "time": "2025-07-15T22:38:50.432369Z", "fetched_at": "2025-07-15T22:39:32.743497+00:00", "symbol": "DOGE-USD"}, {"trade_id": 139184523, "side": "buy", "size": "5.70000000", "price": "0.19542000", "time": "2025-07-15T22:38:50.432369Z", "fetched_at": "2025-07-15T22:39:32.743497+00:00", "symbol": "DOGE-USD"}, {"trade_id": 139184522, "side": "buy", "size": "5.70000000", "price": "0.19544000", "time": "2025-07-15T22:38:46.591080Z", "fetched_at": "2025-07-15T22:39:32.743497+00:00", "symbol": "DOGE-USD"}, {"trade_id": 139184521, "side": "buy", "size": "5.70000000", "price": "0.19546000", "time": "2025-07-15T22:38:46.413686Z", "fetched_at": "2025-07-15T22:39:32.743497+00:00", "symbol": "DOGE-USD"}, {"trade_id": 139184520, "side": "buy", "size": "5.70000000", "price": "0.19548000", "time": "2025-07-15T22:38:43.422001Z", "fetched_at": "2025-07-15T22:39:32.743497+00:00", "symbol": "DOGE-USD"}, {"trade_id": 139184519, "side": "sell", "size": "367.80000000", "price": "0.19549000", "time": "2025-07-15T22:38:38.805057Z", "fetched_at": "2025-07-15T22:39:32.743497+00:00", "symbol": "DOGE-USD"}, {"trade_id": 139184518, "side": "sell", "size": "532.20000000", "price": "0.19549000", "time": "2025-07-15T22:38:38.805057Z", "fetched_at": "2025-07-15T22:39:32.743497+00:00", "symbol": "DOGE-USD"}, {"trade_id": 139184517, "side": "buy", "size": "5.70000000", "price": "0.19550000", "time": "2025-07-15T22:38:38.692838Z", "fetched_at": "2025-07-15T22:39:32.743497+00:00", "symbol": "DOGE-USD"}, {"trade_id": 139184516, "side": "buy", "size": "25534.50000000", "price": "0.19550000", "time": "2025-07-15T22:38:38.692838Z", "fetched_at": "2025-07-15T22:39:32.743497+00:00", "symbol": "DOGE-USD"}, {"trade_id": 139184515, "side": "buy", "size": "102.10000000", "price": "0.19550000", "time": "2025-07-15T22:38:38.692838Z", "fetched_at": "2025-07-15T22:39:32.743497+00:00", "symbol": "DOGE-USD"}, {"trade_id": 139184514, "side": "buy", "size": "57.40000000", "price": "0.19551000", "time": "2025-07-15T22:38:38.692838Z", "fetched_at": "2025-07-15T22:39:32.743497+00:00", "symbol": "DOGE-USD"}, {"trade_id": 139184513, "side": "sell", "size": "2000.00000000", "price": "0.19555000", "time": "2025-07-15T22:38:35.016919Z", "fetched_at": "2025-07-15T22:39:32.743497+00:00", "symbol": "DOGE-USD"}, {"trade_id": 139184512, "side": "sell", "size": "194.80000000", "price": "0.19555000", "time": "2025-07-15T22:38:35.010044Z", "fetched_at": "2025-07-15T22:39:32.743497+00:00", "symbol": "DOGE-USD"}, {"trade_id": 139184511, "side": "sell", "size": "233.70000000", "price": "0.19555000", "time": "2025-07-15T22:38:35.005529Z", "fetched_at": "2025-07-15T22:39:32.743497+00:00", "symbol": "DOGE-USD"}, {"trade_id": 139184510, "side": "sell", "size": "6420.50000000", "price": "0.19555000", "time": "2025-07-15T22:38:35.002098Z", "fetched_at": "2025-07-15T22:39:32.743497+00:00", "symbol": "DOGE-USD"}, {"trade_id": 139184509, "side": "sell", "size": "153.80000000", "price": "0.19555000", "time": "2025-07-15T22:38:35.002098Z", "fetched_at": "2025-07-15T22:39:32.743497+00:00", "symbol": "DOGE-USD"}, {"trade_id": 139184508, "side": "buy", "size": "58.60000000", "price": "0.19554000", "time": "2025-07-15T22:38:33.996746Z", "fetched_at": "2025-07-15T22:39:32.743497+00:00", "symbol": "DOGE-USD"}, {"trade_id": 139184507, "side": "sell", "size": "1945.70000000", "price": "0.19553000", "time": "2025-07-15T22:38:27.913748Z", "fetched_at": "2025-07-15T22:39:32.743497+00:00", "symbol": "DOGE-USD"}, {"trade_id": 139184506, "side": "sell", "size": "1314.80000000", "price": "0.19553000", "time": "2025-07-15T22:38:27.913748Z", "fetched_at": "2025-07-15T22:39:32.743497+00:00", "symbol": "DOGE-USD"}, {"trade_id": 139184505, "side": "sell", "size": "11375.80000000", "price": "0.19552000", "time": "2025-07-15T22:38:27.912074Z", "fetched_at": "2025-07-15T22:39:32.743497+00:00", "symbol": "DOGE-USD"}, {"trade_id": 139184504, "side": "sell", "size": "6738.60000000", "price": "0.19552000", "time": "2025-07-15T22:38:27.911879Z", "fetched_at": "2025-07-15T22:39:32.743497+00:00", "symbol": "DOGE-USD"}, {"trade_id": 139184503, "side": "sell", "size": "106.70000000", "price": "0.19552000", "time": "2025-07-15T22:38:27.880983Z", "fetched_at": "2025-07-15T22:39:32.743497+00:00", "symbol": "DOGE-USD"}, {"trade_id": 139184502, "side": "buy", "size": "500.00000000", "price": "0.19551000", "time": "2025-07-15T22:38:25.054430Z", "fetched_at": "2025-07-15T22:39:32.743497+00:00", "symbol": "DOGE-USD"}, {"trade_id": 139184501, "side": "buy", "size": "13.10000000", "price": "0.19548000", "time": "2025-07-15T22:38:21.540994Z", "fetched_at": "2025-07-15T22:39:32.743497+00:00", "symbol": "DOGE-USD"}, {"trade_id": 139184500, "side": "sell", "size": "532.20000000", "price": "0.19549000", "time": "2025-07-15T22:38:20.227518Z", "fetched_at": "2025-07-15T22:39:32.743497+00:00", "symbol": "DOGE-USD"}, {"trade_id": 139184499, "side": "sell", "size": "499.80000000", "price": "0.19549000", "time": "2025-07-15T22:38:20.227518Z", "fetched_at": "2025-07-15T22:39:32.743497+00:00", "symbol": "DOGE-USD"}, {"trade_id": 139184498, "side": "sell", "size": "499.80000000", "price": "0.19545000", "time": "2025-07-15T22:38:20.227518Z", "fetched_at": "2025-07-15T22:39:32.743497+00:00", "symbol": "DOGE-USD"}, {"trade_id": 139184497, "side": "sell", "size": "354.80000000", "price": "0.19545000", "time": "2025-07-15T22:38:20.227518Z", "fetched_at": "2025-07-15T22:39:32.743497+00:00", "symbol": "DOGE-USD"}, {"trade_id": 139184496, "side": "sell", "size": "354.80000000", "price": "0.19544000", "time": "2025-07-15T22:38:20.227518Z", "fetched_at": "2025-07-15T22:39:32.743497+00:00", "symbol": "DOGE-USD"}, {"trade_id": 139184495, "side": "sell", "size": "499.80000000", "price": "0.19544000", "time": "2025-07-15T22:38:20.227518Z", "fetched_at": "2025-07-15T22:39:32.743497+00:00", "symbol": "DOGE-USD"}, {"trade_id": 139184494, "side": "buy", "size": "320.90000000", "price": "0.19541000", "time": "2025-07-15T22:38:20.222613Z", "fetched_at": "2025-07-15T22:39:32.743497+00:00", "symbol": "DOGE-USD"}, {"trade_id": 139184493, "side": "buy", "size": "4419.70000000", "price": "0.19541000", "time": "2025-07-15T22:38:20.222613Z", "fetched_at": "2025-07-15T22:39:32.743497+00:00", "symbol": "DOGE-USD"}, {"trade_id": 139184492, "side": "buy", "size": "1593.00000000", "price": "0.19541000", "time": "2025-07-15T22:38:20.222613Z", "fetched_at": "2025-07-15T22:39:32.743497+00:00", "symbol": "DOGE-USD"}, {"trade_id": 139184491, "side": "buy", "size": "3837.80000000", "price": "0.19542000", "time": "2025-07-15T22:38:20.222613Z", "fetched_at": "2025-07-15T22:39:32.743497+00:00", "symbol": "DOGE-USD"}, {"trade_id": 139184490, "side": "buy", "size": "5.70000000", "price": "0.19542000", "time": "2025-07-15T22:38:20.222613Z", "fetched_at": "2025-07-15T22:39:32.743497+00:00", "symbol": "DOGE-USD"}, {"trade_id": 139184489, "side": "buy", "size": "35321.10000000", "price": "0.19542000", "time": "2025-07-15T22:38:20.222613Z", "fetched_at": "2025-07-15T22:39:32.743497+00:00", "symbol": "DOGE-USD"}, {"trade_id": 139184488, "side": "buy", "size": "2432.60000000", "price": "0.19542000", "time": "2025-07-15T22:38:20.222613Z", "fetched_at": "2025-07-15T22:39:32.743497+00:00", "symbol": "DOGE-USD"}, {"trade_id": 139184487, "side": "buy", "size": "5000.00000000", "price": "0.19543000", "time": "2025-07-15T22:38:20.221779Z", "fetched_at": "2025-07-15T22:39:32.743497+00:00", "symbol": "DOGE-USD"}, {"trade_id": 139184486, "side": "buy", "size": "5.70000000", "price": "0.19544000", "time": "2025-07-15T22:38:20.221779Z", "fetched_at": "2025-07-15T22:39:32.743497+00:00", "symbol": "DOGE-USD"}, {"trade_id": 139184485, "side": "buy", "size": "1593.00000000", "price": "0.19544000", "time": "2025-07-15T22:38:20.221779Z", "fetched_at": "2025-07-15T22:39:32.743497+00:00", "symbol": "DOGE-USD"}, {"trade_id": 139184484, "side": "buy", "size": "5.70000000", "price": "0.19546000", "time": "2025-07-15T22:38:20.221642Z", "fetched_at": "2025-07-15T22:39:32.743497+00:00", "symbol": "DOGE-USD"}, {"trade_id": 139184483, "side": "buy", "size": "1593.00000000", "price": "0.19546000", "time": "2025-07-15T22:38:20.221642Z", "fetched_at": "2025-07-15T22:39:32.743497+00:00", "symbol": "DOGE-USD"}, {"trade_id": 139184482, "side": "buy", "size": "5000.00000000", "price": "0.19547000", "time": "2025-07-15T22:38:20.221642Z", "fetched_at": "2025-07-15T22:39:32.743497+00:00", "symbol": "DOGE-USD"}, {"trade_id": 139184481, "side": "buy", "size": "5.70000000", "price": "0.19548000", "time": "2025-07-15T22:38:20.221642Z", "fetched_at": "2025-07-15T22:39:32.743497+00:00", "symbol": "DOGE-USD"}, {"trade_id": 139184480, "side": "buy", "size": "1593.00000000", "price": "0.19548000", "time": "2025-07-15T22:38:20.221642Z", "fetched_at": "2025-07-15T22:39:32.743497+00:00", "symbol": "DOGE-USD"}, {"trade_id": 139184479, "side": "buy", "size": "2500.00000000", "price": "0.19549000", "time": "2025-07-15T22:38:20.221642Z", "fetched_at": "2025-07-15T22:39:32.743497+00:00", "symbol": "DOGE-USD"}, {"trade_id": 139184478, "side": "buy", "size": "4152.40000000", "price": "0.19549000", "time": "2025-07-15T22:38:20.221642Z", "fetched_at": "2025-07-15T22:39:32.743497+00:00", "symbol": "DOGE-USD"}, {"trade_id": 139184477, "side": "buy", "size": "2000.00000000", "price": "0.19550000", "time": "2025-07-15T22:38:20.221340Z", "fetched_at": "2025-07-15T22:39:32.743497+00:00", "symbol": "DOGE-USD"}, {"trade_id": 139184476, "side": "buy", "size": "1057.50000000", "price": "0.19550000", "time": "2025-07-15T22:38:20.221340Z", "fetched_at": "2025-07-15T22:39:32.743497+00:00", "symbol": "DOGE-USD"}, {"trade_id": 139184475, "side": "buy", "size": "7749.50000000", "price": "0.19550000", "time": "2025-07-15T22:38:20.220047Z", "fetched_at": "2025-07-15T22:39:32.743497+00:00", "symbol": "DOGE-USD"}, {"trade_id": 139184474, "side": "buy", "size": "5.70000000", "price": "0.19550000", "time": "2025-07-15T22:38:20.220047Z", "fetched_at": "2025-07-15T22:39:32.743497+00:00", "symbol": "DOGE-USD"}, {"trade_id": 139184473, "side": "buy", "size": "1593.00000000", "price": "0.19550000", "time": "2025-07-15T22:38:20.220047Z", "fetched_at": "2025-07-15T22:39:32.743497+00:00", "symbol": "DOGE-USD"}, {"trade_id": 139184472, "side": "buy", "size": "1284.50000000", "price": "0.19551000", "time": "2025-07-15T22:38:20.220047Z", "fetched_at": "2025-07-15T22:39:32.743497+00:00", "symbol": "DOGE-USD"}, {"trade_id": 139184471, "side": "buy", "size": "583.70000000", "price": "0.19551000", "time": "2025-07-15T22:38:20.220047Z", "fetched_at": "2025-07-15T22:39:32.743497+00:00", "symbol": "DOGE-USD"}, {"trade_id": 139184470, "side": "buy", "size": "1236.30000000", "price": "0.19551000", "time": "2025-07-15T22:38:20.218591Z", "fetched_at": "2025-07-15T22:39:32.743497+00:00", "symbol": "DOGE-USD"}, {"trade_id": 139184469, "side": "buy", "size": "2177.80000000", "price": "0.19552000", "time": "2025-07-15T22:38:20.218591Z", "fetched_at": "2025-07-15T22:39:32.743497+00:00", "symbol": "DOGE-USD"}, {"trade_id": 139184468, "side": "buy", "size": "7822.20000000", "price": "0.19552000", "time": "2025-07-15T22:38:20.218245Z", "fetched_at": "2025-07-15T22:39:32.743497+00:00", "symbol": "DOGE-USD"}, {"trade_id": 139184467, "side": "buy", "size": "5.70000000", "price": "0.19552000", "time": "2025-07-15T22:38:20.218245Z", "fetched_at": "2025-07-15T22:39:32.743497+00:00", "symbol": "DOGE-USD"}, {"trade_id": 139184466, "side": "buy", "size": "1593.00000000", "price": "0.19552000", "time": "2025-07-15T22:38:20.218245Z", "fetched_at": "2025-07-15T22:39:32.743497+00:00", "symbol": "DOGE-USD"}, {"trade_id": 139184465, "side": "buy", "size": "1593.00000000", "price": "0.19554000", "time": "2025-07-15T22:38:20.218245Z", "fetched_at": "2025-07-15T22:39:32.743497+00:00", "symbol": "DOGE-USD"}, {"trade_id": 139184464, "side": "buy", "size": "5.70000000", "price": "0.19554000", "time": "2025-07-15T22:38:20.218245Z", "fetched_at": "2025-07-15T22:39:32.743497+00:00", "symbol": "DOGE-USD"}, {"trade_id": 139184463, "side": "buy", "size": "1593.00000000", "price": "0.19556000", "time": "2025-07-15T22:38:20.218245Z", "fetched_at": "2025-07-15T22:39:32.743497+00:00", "symbol": "DOGE-USD"}, {"trade_id": 139184462, "side": "buy", "size": "57.40000000", "price": "0.19557000", "time": "2025-07-15T22:38:20.218245Z", "fetched_at": "2025-07-15T22:39:32.743497+00:00", "symbol": "DOGE-USD"}, {"trade_id": 139184461, "side": "sell", "size": "49.30000000", "price": "0.19556000", "time": "2025-07-15T22:38:17.004653Z", "fetched_at": "2025-07-15T22:39:32.743497+00:00", "symbol": "DOGE-USD"}, {"trade_id": 139184460, "side": "buy", "size": "5.70000000", "price": "0.19556000", "time": "2025-07-15T22:38:16.336577Z", "fetched_at": "2025-07-15T22:39:32.743497+00:00", "symbol": "DOGE-USD"}, {"trade_id": 139184459, "side": "buy", "size": "5.70000000", "price": "0.19558000", "time": "2025-07-15T22:38:16.216060Z", "fetched_at": "2025-07-15T22:39:32.743497+00:00", "symbol": "DOGE-USD"}, {"trade_id": 139184458, "side": "buy", "size": "5.70000000", "price": "0.19560000", "time": "2025-07-15T22:38:15.322232Z", "fetched_at": "2025-07-15T22:39:32.743497+00:00", "symbol": "DOGE-USD"}, {"trade_id": 139184457, "side": "buy", "size": "153.80000000", "price": "0.19560000", "time": "2025-07-15T22:38:15.322232Z", "fetched_at": "2025-07-15T22:39:32.743497+00:00", "symbol": "DOGE-USD"}, {"trade_id": 139184456, "side": "buy", "size": "2000.00000000", "price": "0.19561000", "time": "2025-07-15T22:38:15.309003Z", "fetched_at": "2025-07-15T22:39:32.743497+00:00", "symbol": "DOGE-USD"}, {"trade_id": 139184455, "side": "buy", "size": "5.70000000", "price": "0.19562000", "time": "2025-07-15T22:38:15.309003Z", "fetched_at": "2025-07-15T22:39:32.743497+00:00", "symbol": "DOGE-USD"}, {"trade_id": 139184454, "side": "buy", "size": "29.10000000", "price": "0.19563000", "time": "2025-07-15T22:38:15.309003Z", "fetched_at": "2025-07-15T22:39:32.743497+00:00", "symbol": "DOGE-USD"}, {"trade_id": 139184453, "side": "buy", "size": "2000.00000000", "price": "0.19565000", "time": "2025-07-15T22:38:07.210178Z", "fetched_at": "2025-07-15T22:39:32.743497+00:00", "symbol": "DOGE-USD"}, {"trade_id": 139184452, "side": "sell", "size": "19.10000000", "price": "0.19566000", "time": "2025-07-15T22:38:04.273865Z", "fetched_at": "2025-07-15T22:39:32.743497+00:00", "symbol": "DOGE-USD"}, {"trade_id": 139184451, "side": "sell", "size": "5.70000000", "price": "0.19564000", "time": "2025-07-15T22:38:04.273865Z", "fetched_at": "2025-07-15T22:39:32.743497+00:00", "symbol": "DOGE-USD"}, {"trade_id": 139184450, "side": "sell", "size": "532.20000000", "price": "0.19556000", "time": "2025-07-15T22:37:58.936463Z", "fetched_at": "2025-07-15T22:39:32.743497+00:00", "symbol": "DOGE-USD"}, {"trade_id": 139184449, "side": "sell", "size": "550.80000000", "price": "0.19556000", "time": "2025-07-15T22:37:58.936463Z", "fetched_at": "2025-07-15T22:39:32.743497+00:00", "symbol": "DOGE-USD"}, {"trade_id": 139184448, "side": "buy", "size": "5.70000000", "price": "0.19552000", "time": "2025-07-15T22:37:58.930185Z", "fetched_at": "2025-07-15T22:39:32.743497+00:00", "symbol": "DOGE-USD"}, {"trade_id": 139184447, "side": "buy", "size": "5000.00000000", "price": "0.19553000", "time": "2025-07-15T22:37:58.930185Z", "fetched_at": "2025-07-15T22:39:32.743497+00:00", "symbol": "DOGE-USD"}, {"trade_id": 139184446, "side": "buy", "size": "1593.00000000", "price": "0.19554000", "time": "2025-07-15T22:37:58.930185Z", "fetched_at": "2025-07-15T22:39:32.743497+00:00", "symbol": "DOGE-USD"}, {"trade_id": 139184445, "side": "buy", "size": "18177.40000000", "price": "0.19554000", "time": "2025-07-15T22:37:58.930185Z", "fetched_at": "2025-07-15T22:39:32.743497+00:00", "symbol": "DOGE-USD"}, {"trade_id": 139184444, "side": "buy", "size": "2169.10000000", "price": "0.19555000", "time": "2025-07-15T22:37:58.929396Z", "fetched_at": "2025-07-15T22:39:32.743497+00:00", "symbol": "DOGE-USD"}, {"trade_id": 139184443, "side": "buy", "size": "2500.00000000", "price": "0.19555000", "time": "2025-07-15T22:37:58.929396Z", "fetched_at": "2025-07-15T22:39:32.743497+00:00", "symbol": "DOGE-USD"}, {"trade_id": 139184442, "side": "buy", "size": "1858.00000000", "price": "0.19556000", "time": "2025-07-15T22:37:58.929396Z", "fetched_at": "2025-07-15T22:39:32.743497+00:00", "symbol": "DOGE-USD"}, {"trade_id": 139184441, "side": "buy", "size": "1593.00000000", "price": "0.19556000", "time": "2025-07-15T22:37:58.929396Z", "fetched_at": "2025-07-15T22:39:32.743497+00:00", "symbol": "DOGE-USD"}, {"trade_id": 139184440, "side": "buy", "size": "1369.50000000", "price": "0.19557000", "time": "2025-07-15T22:37:58.929396Z", "fetched_at": "2025-07-15T22:39:32.743497+00:00", "symbol": "DOGE-USD"}, {"trade_id": 139184439, "side": "buy", "size": "3156.80000000", "price": "0.19557000", "time": "2025-07-15T22:37:58.929396Z", "fetched_at": "2025-07-15T22:39:32.743497+00:00", "symbol": "DOGE-USD"}, {"trade_id": 139184438, "side": "buy", "size": "4068.40000000", "price": "0.19557000", "time": "2025-07-15T22:37:58.929396Z", "fetched_at": "2025-07-15T22:39:32.743497+00:00", "symbol": "DOGE-USD"}, {"trade_id": 139184437, "side": "buy", "size": "5.70000000", "price": "0.19558000", "time": "2025-07-15T22:37:58.928460Z", "fetched_at": "2025-07-15T22:39:32.743497+00:00", "symbol": "DOGE-USD"}, {"trade_id": 139184436, "side": "buy", "size": "1593.00000000", "price": "0.19558000", "time": "2025-07-15T22:37:58.928460Z", "fetched_at": "2025-07-15T22:39:32.743497+00:00", "symbol": "DOGE-USD"}, {"trade_id": 139184435, "side": "buy", "size": "10000.00000000", "price": "0.19560000", "time": "2025-07-15T22:37:58.928030Z", "fetched_at": "2025-07-15T22:39:32.743497+00:00", "symbol": "DOGE-USD"}, {"trade_id": 139184434, "side": "buy", "size": "1593.00000000", "price": "0.19560000", "time": "2025-07-15T22:37:58.928030Z", "fetched_at": "2025-07-15T22:39:32.743497+00:00", "symbol": "DOGE-USD"}, {"trade_id": 139184433, "side": "buy", "size": "1053.00000000", "price": "0.19562000", "time": "2025-07-15T22:37:58.927969Z", "fetched_at": "2025-07-15T22:39:32.743497+00:00", "symbol": "DOGE-USD"}, {"trade_id": 139184432, "side": "buy", "size": "2000.00000000", "price": "0.19562000", "time": "2025-07-15T22:37:58.927969Z", "fetched_at": "2025-07-15T22:39:32.743497+00:00", "symbol": "DOGE-USD"}, {"trade_id": 139184431, "side": "buy", "size": "57.30000000", "price": "0.19562000", "time": "2025-07-15T22:37:58.927969Z", "fetched_at": "2025-07-15T22:39:32.743497+00:00", "symbol": "DOGE-USD"}, {"trade_id": 139184430, "side": "sell", "size": "354.80000000", "price": "0.19563000", "time": "2025-07-15T22:37:56.194875Z", "fetched_at": "2025-07-15T22:39:32.743497+00:00", "symbol": "DOGE-USD"}, {"trade_id": 139184429, "side": "sell", "size": "354.80000000", "price": "0.19564000", "time": "2025-07-15T22:37:56.184447Z", "fetched_at": "2025-07-15T22:39:32.743497+00:00", "symbol": "DOGE-USD"}, {"trade_id": 139184428, "side": "buy", "size": "57.30000000", "price": "0.19566000", "time": "2025-07-15T22:37:56.179772Z", "fetched_at": "2025-07-15T22:39:32.743497+00:00", "symbol": "DOGE-USD"}, {"trade_id": 139184427, "side": "sell", "size": "137.00000000", "price": "0.19564000", "time": "2025-07-15T22:37:56.057287Z", "fetched_at": "2025-07-15T22:39:32.743497+00:00", "symbol": "DOGE-USD"}, {"trade_id": 139184426, "side": "sell", "size": "68.50000000", "price": "0.19563000", "time": "2025-07-15T22:37:56.057287Z", "fetched_at": "2025-07-15T22:39:32.743497+00:00", "symbol": "DOGE-USD"}, {"trade_id": 139184425, "side": "buy", "size": "24741.00000000", "price": "0.19545000", "time": "2025-07-15T22:37:56.045183Z", "fetched_at": "2025-07-15T22:39:32.743497+00:00", "symbol": "DOGE-USD"}, {"trade_id": 139184424, "side": "buy", "size": "3072.80000000", "price": "0.19546000", "time": "2025-07-15T22:37:56.045183Z", "fetched_at": "2025-07-15T22:39:32.743497+00:00", "symbol": "DOGE-USD"}, {"trade_id": 139184423, "side": "buy", "size": "1593.00000000", "price": "0.19547000", "time": "2025-07-15T22:37:56.045183Z", "fetched_at": "2025-07-15T22:39:32.743497+00:00", "symbol": "DOGE-USD"}, {"trade_id": 139184422, "side": "buy", "size": "4735.40000000", "price": "0.19548000", "time": "2025-07-15T22:37:56.045183Z", "fetched_at": "2025-07-15T22:39:32.743497+00:00", "symbol": "DOGE-USD"}, {"trade_id": 139184421, "side": "buy", "size": "5.70000000", "price": "0.19548000", "time": "2025-07-15T22:37:56.045183Z", "fetched_at": "2025-07-15T22:39:32.743497+00:00", "symbol": "DOGE-USD"}, {"trade_id": 139184420, "side": "buy", "size": "5000.00000000", "price": "0.19549000", "time": "2025-07-15T22:37:56.045183Z", "fetched_at": "2025-07-15T22:39:32.743497+00:00", "symbol": "DOGE-USD"}, {"trade_id": 139184419, "side": "buy", "size": "1593.00000000", "price": "0.19549000", "time": "2025-07-15T22:37:56.045183Z", "fetched_at": "2025-07-15T22:39:32.743497+00:00", "symbol": "DOGE-USD"}, {"trade_id": 139184418, "side": "buy", "size": "3836.30000000", "price": "0.19550000", "time": "2025-07-15T22:37:56.045183Z", "fetched_at": "2025-07-15T22:39:32.743497+00:00", "symbol": "DOGE-USD"}, {"trade_id": 139184417, "side": "buy", "size": "5.70000000", "price": "0.19550000", "time": "2025-07-15T22:37:56.045183Z", "fetched_at": "2025-07-15T22:39:32.743497+00:00", "symbol": "DOGE-USD"}, {"trade_id": 139184416, "side": "buy", "size": "5.70000000", "price": "0.19552000", "time": "2025-07-15T22:37:56.045183Z", "fetched_at": "2025-07-15T22:39:32.743497+00:00", "symbol": "DOGE-USD"}, {"trade_id": 139184415, "side": "buy", "size": "1593.00000000", "price": "0.19552000", "time": "2025-07-15T22:37:56.045183Z", "fetched_at": "2025-07-15T22:39:32.743497+00:00", "symbol": "DOGE-USD"}, {"trade_id": 139184414, "side": "buy", "size": "5000.00000000", "price": "0.19553000", "time": "2025-07-15T22:37:56.045183Z", "fetched_at": "2025-07-15T22:39:32.743497+00:00", "symbol": "DOGE-USD"}, {"trade_id": 139184413, "side": "buy", "size": "5390.80000000", "price": "0.19553000", "time": "2025-07-15T22:37:56.045183Z", "fetched_at": "2025-07-15T22:39:32.743497+00:00", "symbol": "DOGE-USD"}, {"trade_id": 139184412, "side": "buy", "size": "5.70000000", "price": "0.19554000", "time": "2025-07-15T22:37:56.045183Z", "fetched_at": "2025-07-15T22:39:32.743497+00:00", "symbol": "DOGE-USD"}, {"trade_id": 139184411, "side": "buy", "size": "1593.00000000", "price": "0.19554000", "time": "2025-07-15T22:37:56.045183Z", "fetched_at": "2025-07-15T22:39:32.743497+00:00", "symbol": "DOGE-USD"}, {"trade_id": 139184410, "side": "buy", "size": "18179.70000000", "price": "0.19555000", "time": "2025-07-15T22:37:56.045183Z", "fetched_at": "2025-07-15T22:39:32.743497+00:00", "symbol": "DOGE-USD"}, {"trade_id": 139184409, "side": "buy", "size": "5.70000000", "price": "0.19556000", "time": "2025-07-15T22:37:56.045183Z", "fetched_at": "2025-07-15T22:39:32.743497+00:00", "symbol": "DOGE-USD"}, {"trade_id": 139184408, "side": "buy", "size": "1593.00000000", "price": "0.19556000", "time": "2025-07-15T22:37:56.045183Z", "fetched_at": "2025-07-15T22:39:32.743497+00:00", "symbol": "DOGE-USD"}, {"trade_id": 139184407, "side": "buy", "size": "4053.70000000", "price": "0.19557000", "time": "2025-07-15T22:37:56.045183Z", "fetched_at": "2025-07-15T22:39:32.743497+00:00", "symbol": "DOGE-USD"}, {"trade_id": 139184406, "side": "buy", "size": "5.70000000", "price": "0.19558000", "time": "2025-07-15T22:37:56.045183Z", "fetched_at": "2025-07-15T22:39:32.743497+00:00", "symbol": "DOGE-USD"}, {"trade_id": 139184405, "side": "buy", "size": "1593.00000000", "price": "0.19558000", "time": "2025-07-15T22:37:56.045183Z", "fetched_at": "2025-07-15T22:39:32.743497+00:00", "symbol": "DOGE-USD"}, {"trade_id": 139184404, "side": "buy", "size": "2500.00000000", "price": "0.19560000", "time": "2025-07-15T22:37:56.045183Z", "fetched_at": "2025-07-15T22:39:32.743497+00:00", "symbol": "DOGE-USD"}, {"trade_id": 139184403, "side": "buy", "size": "10000.00000000", "price": "0.19560000", "time": "2025-07-15T22:37:56.045183Z", "fetched_at": "2025-07-15T22:39:32.743497+00:00", "symbol": "DOGE-USD"}, {"trade_id": 139184402, "side": "buy", "size": "5.70000000", "price": "0.19560000", "time": "2025-07-15T22:37:56.045183Z", "fetched_at": "2025-07-15T22:39:32.743497+00:00", "symbol": "DOGE-USD"}, {"trade_id": 139184401, "side": "buy", "size": "2169.10000000", "price": "0.19561000", "time": "2025-07-15T22:37:56.045183Z", "fetched_at": "2025-07-15T22:39:32.743497+00:00", "symbol": "DOGE-USD"}, {"trade_id": 139184400, "side": "buy", "size": "1641.70000000", "price": "0.19562000", "time": "2025-07-15T22:37:56.045183Z", "fetched_at": "2025-07-15T22:39:32.743497+00:00", "symbol": "DOGE-USD"}, {"trade_id": 139184399, "side": "buy", "size": "1593.00000000", "price": "0.19562000", "time": "2025-07-15T22:37:56.045183Z", "fetched_at": "2025-07-15T22:39:32.743497+00:00", "symbol": "DOGE-USD"}, {"trade_id": 139184398, "side": "buy", "size": "2000.00000000", "price": "0.19562000", "time": "2025-07-15T22:37:56.045183Z", "fetched_at": "2025-07-15T22:39:32.743497+00:00", "symbol": "DOGE-USD"}, {"trade_id": 139184397, "side": "buy", "size": "1369.50000000", "price": "0.19563000", "time": "2025-07-15T22:37:56.045183Z", "fetched_at": "2025-07-15T22:39:32.743497+00:00", "symbol": "DOGE-USD"}, {"trade_id": 139184396, "side": "buy", "size": "1858.00000000", "price": "0.19564000", "time": "2025-07-15T22:37:56.045183Z", "fetched_at": "2025-07-15T22:39:32.743497+00:00", "symbol": "DOGE-USD"}, {"trade_id": 139184395, "side": "buy", "size": "1593.00000000", "price": "0.19564000", "time": "2025-07-15T22:37:56.045183Z", "fetched_at": "2025-07-15T22:39:32.743497+00:00", "symbol": "DOGE-USD"}, {"trade_id": 139184394, "side": "buy", "size": "1660.40000000", "price": "0.19565000", "time": "2025-07-15T22:37:56.045183Z", "fetched_at": "2025-07-15T22:39:32.743497+00:00", "symbol": "DOGE-USD"}, {"trade_id": 139184393, "side": "buy", "size": "1467.80000000", "price": "0.19566000", "time": "2025-07-15T22:37:56.045183Z", "fetched_at": "2025-07-15T22:39:32.743497+00:00", "symbol": "DOGE-USD"}, {"trade_id": 139184392, "side": "buy", "size": "57.30000000", "price": "0.19567000", "time": "2025-07-15T22:37:56.045183Z", "fetched_at": "2025-07-15T22:39:32.743497+00:00", "symbol": "DOGE-USD"}, {"trade_id": 139184391, "side": "sell", "size": "5.70000000", "price": "0.19568000", "time": "2025-07-15T22:37:54.414917Z", "fetched_at": "2025-07-15T22:39:32.743497+00:00", "symbol": "DOGE-USD"}, {"trade_id": 139184390, "side": "buy", "size": "36.00000000", "price": "0.19562000", "time": "2025-07-15T22:37:47.334089Z", "fetched_at": "2025-07-15T22:39:32.743497+00:00", "symbol": "DOGE-USD"}, {"trade_id": 139184389, "side": "buy", "size": "2000.00000000", "price": "0.19566000", "time": "2025-07-15T22:37:46.211660Z", "fetched_at": "2025-07-15T22:39:32.743497+00:00", "symbol": "DOGE-USD"}, {"trade_id": 139184388, "side": "sell", "size": "5.70000000", "price": "0.19568000", "time": "2025-07-15T22:37:45.664405Z", "fetched_at": "2025-07-15T22:39:32.743497+00:00", "symbol": "DOGE-USD"}, {"trade_id": 139184387, "side": "sell", "size": "79.00000000", "price": "0.19568000", "time": "2025-07-15T22:37:45.664405Z", "fetched_at": "2025-07-15T22:39:32.743497+00:00", "symbol": "DOGE-USD"}, {"trade_id": 139184386, "side": "sell", "size": "8354.90000000", "price": "0.19568000", "time": "2025-07-15T22:37:45.638564Z", "fetched_at": "2025-07-15T22:39:32.743497+00:00", "symbol": "DOGE-USD"}, {"trade_id": 139184385, "side": "sell", "size": "9346.70000000", "price": "0.19568000", "time": "2025-07-15T22:37:45.621221Z", "fetched_at": "2025-07-15T22:39:32.743497+00:00", "symbol": "DOGE-USD"}, {"trade_id": 139184384, "side": "sell", "size": "1304.60000000", "price": "0.19567000", "time": "2025-07-15T22:37:45.605580Z", "fetched_at": "2025-07-15T22:39:32.743497+00:00", "symbol": "DOGE-USD"}, {"trade_id": 139184383, "side": "sell", "size": "43.10000000", "price": "0.19567000", "time": "2025-07-15T22:37:45.605580Z", "fetched_at": "2025-07-15T22:39:32.743497+00:00", "symbol": "DOGE-USD"}, {"trade_id": 139184382, "side": "sell", "size": "2500.00000000", "price": "0.19566000", "time": "2025-07-15T22:37:45.603930Z", "fetched_at": "2025-07-15T22:39:32.743497+00:00", "symbol": "DOGE-USD"}, {"trade_id": 139184381, "side": "sell", "size": "5.70000000", "price": "0.19566000", "time": "2025-07-15T22:37:45.603930Z", "fetched_at": "2025-07-15T22:39:32.743497+00:00", "symbol": "DOGE-USD"}, {"trade_id": 139184380, "side": "sell", "size": "119.60000000", "price": "0.19566000", "time": "2025-07-15T22:37:45.603930Z", "fetched_at": "2025-07-15T22:39:32.743497+00:00", "symbol": "DOGE-USD"}, {"trade_id": 139184379, "side": "buy", "size": "30.70000000", "price": "0.19564000", "time": "2025-07-15T22:37:40.908137Z", "fetched_at": "2025-07-15T22:39:32.743497+00:00", "symbol": "DOGE-USD"}, {"trade_id": 139184378, "side": "sell", "size": "1661.70000000", "price": "0.19564000", "time": "2025-07-15T22:37:39.289049Z", "fetched_at": "2025-07-15T22:39:32.743497+00:00", "symbol": "DOGE-USD"}, {"trade_id": 139184377, "side": "sell", "size": "9.10000000", "price": "0.19565000", "time": "2025-07-15T22:37:33.819609Z", "fetched_at": "2025-07-15T22:39:32.743497+00:00", "symbol": "DOGE-USD"}, {"trade_id": 139184376, "side": "sell", "size": "9.10000000", "price": "0.19564000", "time": "2025-07-15T22:37:33.743939Z", "fetched_at": "2025-07-15T22:39:32.743497+00:00", "symbol": "DOGE-USD"}, {"trade_id": 139184375, "side": "sell", "size": "9.10000000", "price": "0.19564000", "time": "2025-07-15T22:37:33.733125Z", "fetched_at": "2025-07-15T22:39:32.743497+00:00", "symbol": "DOGE-USD"}, {"trade_id": 139184374, "side": "sell", "size": "1435.80000000", "price": "0.19564000", "time": "2025-07-15T22:37:33.733125Z", "fetched_at": "2025-07-15T22:39:32.743497+00:00", "symbol": "DOGE-USD"}, {"trade_id": 139184373, "side": "sell", "size": "9.10000000", "price": "0.19563000", "time": "2025-07-15T22:37:33.545023Z", "fetched_at": "2025-07-15T22:39:32.743497+00:00", "symbol": "DOGE-USD"}, {"trade_id": 139184372, "side": "sell", "size": "354.80000000", "price": "0.19564000", "time": "2025-07-15T22:37:30.331494Z", "fetched_at": "2025-07-15T22:39:32.743497+00:00", "symbol": "DOGE-USD"}, {"trade_id": 139184371, "side": "sell", "size": "9.30000000", "price": "0.19565000", "time": "2025-07-15T22:37:29.915440Z", "fetched_at": "2025-07-15T22:39:32.743497+00:00", "symbol": "DOGE-USD"}, {"trade_id": 139184370, "side": "sell", "size": "1626.60000000", "price": "0.19565000", "time": "2025-07-15T22:37:29.686896Z", "fetched_at": "2025-07-15T22:39:32.743497+00:00", "symbol": "DOGE-USD"}, {"trade_id": 139184369, "side": "sell", "size": "9.60000000", "price": "0.19565000", "time": "2025-07-15T22:37:29.686896Z", "fetched_at": "2025-07-15T22:39:32.743497+00:00", "symbol": "DOGE-USD"}, {"trade_id": 139184368, "side": "sell", "size": "3068.10000000", "price": "0.19565000", "time": "2025-07-15T22:37:29.080821Z", "fetched_at": "2025-07-15T22:39:32.743497+00:00", "symbol": "DOGE-USD"}, {"trade_id": 139184367, "side": "sell", "size": "145.40000000", "price": "0.19565000", "time": "2025-07-15T22:37:29.080821Z", "fetched_at": "2025-07-15T22:39:32.743497+00:00", "symbol": "DOGE-USD"}, {"trade_id": 139184366, "side": "sell", "size": "74.00000000", "price": "0.19564000", "time": "2025-07-15T22:37:29.045462Z", "fetched_at": "2025-07-15T22:39:32.743497+00:00", "symbol": "DOGE-USD"}, {"trade_id": 139184365, "side": "sell", "size": "5.70000000", "price": "0.19564000", "time": "2025-07-15T22:37:29.045462Z", "fetched_at": "2025-07-15T22:39:32.743497+00:00", "symbol": "DOGE-USD"}, {"trade_id": 139184364, "side": "sell", "size": "5.70000000", "price": "0.19562000", "time": "2025-07-15T22:37:28.963877Z", "fetched_at": "2025-07-15T22:39:32.743497+00:00", "symbol": "DOGE-USD"}, {"trade_id": 139184363, "side": "sell", "size": "9.90000000", "price": "0.19561000", "time": "2025-07-15T22:37:28.860254Z", "fetched_at": "2025-07-15T22:39:32.743497+00:00", "symbol": "DOGE-USD"}, {"trade_id": 139184362, "side": "buy", "size": "29.80000000", "price": "0.19560000", "time": "2025-07-15T22:37:28.665525Z", "fetched_at": "2025-07-15T22:39:32.743497+00:00", "symbol": "DOGE-USD"}, {"trade_id": 139184361, "side": "sell", "size": "5.70000000", "price": "0.19560000", "time": "2025-07-15T22:37:28.380233Z", "fetched_at": "2025-07-15T22:39:32.743497+00:00", "symbol": "DOGE-USD"}, {"trade_id": 139184360, "side": "sell", "size": "5.70000000", "price": "0.19558000", "time": "2025-07-15T22:37:28.007232Z", "fetched_at": "2025-07-15T22:39:32.743497+00:00", "symbol": "DOGE-USD"}, {"trade_id": 139184359, "side": "sell", "size": "11.00000000", "price": "0.19557000", "time": "2025-07-15T22:37:27.883194Z", "fetched_at": "2025-07-15T22:39:32.743497+00:00", "symbol": "DOGE-USD"}, {"trade_id": 139184358, "side": "sell", "size": "11.30000000", "price": "0.19557000", "time": "2025-07-15T22:37:27.569752Z", "fetched_at": "2025-07-15T22:39:32.743497+00:00", "symbol": "DOGE-USD"}, {"trade_id": 139184357, "side": "sell", "size": "11.60000000", "price": "0.19557000", "time": "2025-07-15T22:37:27.400028Z", "fetched_at": "2025-07-15T22:39:32.743497+00:00", "symbol": "DOGE-USD"}, {"trade_id": 139184356, "side": "sell", "size": "12.10000000", "price": "0.19557000", "time": "2025-07-15T22:37:27.135771Z", "fetched_at": "2025-07-15T22:39:32.743497+00:00", "symbol": "DOGE-USD"}, {"trade_id": 139184355, "side": "sell", "size": "12.40000000", "price": "0.19557000", "time": "2025-07-15T22:37:26.360579Z", "fetched_at": "2025-07-15T22:39:32.743497+00:00", "symbol": "DOGE-USD"}, {"trade_id": 139184354, "side": "sell", "size": "1890.20000000", "price": "0.19557000", "time": "2025-07-15T22:37:26.134730Z", "fetched_at": "2025-07-15T22:39:32.743497+00:00", "symbol": "DOGE-USD"}, {"trade_id": 139184353, "side": "sell", "size": "12.90000000", "price": "0.19556000", "time": "2025-07-15T22:37:26.075985Z", "fetched_at": "2025-07-15T22:39:32.743497+00:00", "symbol": "DOGE-USD"}, {"trade_id": 139184352, "side": "sell", "size": "5.70000000", "price": "0.19556000", "time": "2025-07-15T22:37:26.063788Z", "fetched_at": "2025-07-15T22:39:32.743497+00:00", "symbol": "DOGE-USD"}, {"trade_id": 139184351, "side": "sell", "size": "13.30000000", "price": "0.19554000", "time": "2025-07-15T22:37:25.732749Z", "fetched_at": "2025-07-15T22:39:32.743497+00:00", "symbol": "DOGE-USD"}, {"trade_id": 139184350, "side": "sell", "size": "5.70000000", "price": "0.19554000", "time": "2025-07-15T22:37:25.675707Z", "fetched_at": "2025-07-15T22:39:32.743497+00:00", "symbol": "DOGE-USD"}, {"trade_id": 139184349, "side": "sell", "size": "15.40000000", "price": "0.19553000", "time": "2025-07-15T22:37:25.653414Z", "fetched_at": "2025-07-15T22:39:32.743497+00:00", "symbol": "DOGE-USD"}, {"trade_id": 139184348, "side": "sell", "size": "74.50000000", "price": "0.19553000", "time": "2025-07-15T22:37:21.690717Z", "fetched_at": "2025-07-15T22:39:32.743497+00:00", "symbol": "DOGE-USD"}, {"trade_id": 139184347, "side": "sell", "size": "11.40000000", "price": "0.19551000", "time": "2025-07-15T22:37:19.775499Z", "fetched_at": "2025-07-15T22:39:32.743497+00:00", "symbol": "DOGE-USD"}, {"trade_id": 139184346, "side": "buy", "size": "454.00000000", "price": "0.19548000", "time": "2025-07-15T22:37:19.391660Z", "fetched_at": "2025-07-15T22:39:32.743497+00:00", "symbol": "DOGE-USD"}, {"trade_id": 139184345, "side": "buy", "size": "57.40000000", "price": "0.19549000", "time": "2025-07-15T22:37:19.391660Z", "fetched_at": "2025-07-15T22:39:32.743497+00:00", "symbol": "DOGE-USD"}, {"trade_id": 139184344, "side": "buy", "size": "123.10000000", "price": "0.19551000", "time": "2025-07-15T22:37:17.915264Z", "fetched_at": "2025-07-15T22:39:32.743497+00:00", "symbol": "DOGE-USD"}, {"trade_id": 139184343, "side": "sell", "size": "899.90000000", "price": "0.19552000", "time": "2025-07-15T22:37:16.157519Z", "fetched_at": "2025-07-15T22:39:32.743497+00:00", "symbol": "DOGE-USD"}, {"trade_id": 139184342, "side": "sell", "size": "1546.00000000", "price": "0.19552000", "time": "2025-07-15T22:37:16.157519Z", "fetched_at": "2025-07-15T22:39:32.743497+00:00", "symbol": "DOGE-USD"}, {"trade_id": 139184341, "side": "sell", "size": "5.70000000", "price": "0.19552000", "time": "2025-07-15T22:37:16.157519Z", "fetched_at": "2025-07-15T22:39:32.743497+00:00", "symbol": "DOGE-USD"}, {"trade_id": 139184340, "side": "sell", "size": "33.40000000", "price": "0.19551000", "time": "2025-07-15T22:37:16.157519Z", "fetched_at": "2025-07-15T22:39:32.743497+00:00", "symbol": "DOGE-USD"}, {"trade_id": 139184339, "side": "buy", "size": "57.40000000", "price": "0.19550000", "time": "2025-07-15T22:37:12.855370Z", "fetched_at": "2025-07-15T22:39:32.743497+00:00", "symbol": "DOGE-USD"}, {"trade_id": 139184338, "side": "sell", "size": "121.30000000", "price": "0.19553000", "time": "2025-07-15T22:37:10.119419Z", "fetched_at": "2025-07-15T22:39:32.743497+00:00", "symbol": "DOGE-USD"}, {"trade_id": 139184337, "side": "sell", "size": "280.40000000", "price": "0.19553000", "time": "2025-07-15T22:37:08.388095Z", "fetched_at": "2025-07-15T22:39:32.743497+00:00", "symbol": "DOGE-USD"}, {"trade_id": 139184336, "side": "sell", "size": "4.50000000", "price": "0.19553000", "time": "2025-07-15T22:37:03.787506Z", "fetched_at": "2025-07-15T22:39:32.743497+00:00", "symbol": "DOGE-USD"}, {"trade_id": 139184335, "side": "buy", "size": "51.20000000", "price": "0.19551000", "time": "2025-07-15T22:37:02.416021Z", "fetched_at": "2025-07-15T22:39:32.743497+00:00", "symbol": "DOGE-USD"}, {"trade_id": 139184334, "side": "buy", "size": "484.00000000", "price": "0.19553000", "time": "2025-07-15T22:37:01.056288Z", "fetched_at": "2025-07-15T22:39:32.743497+00:00", "symbol": "DOGE-USD"}, {"trade_id": 139184333, "side": "sell", "size": "5.70000000", "price": "0.19552000", "time": "2025-07-15T22:37:00.880490Z", "fetched_at": "2025-07-15T22:39:32.743497+00:00", "symbol": "DOGE-USD"}, {"trade_id": 139184332, "side": "buy", "size": "516.90000000", "price": "0.19548000", "time": "2025-07-15T22:36:59.047993Z", "fetched_at": "2025-07-15T22:39:32.743497+00:00", "symbol": "DOGE-USD"}, {"trade_id": 139184331, "side": "sell", "size": "5.70000000", "price": "0.19550000", "time": "2025-07-15T22:36:58.668214Z", "fetched_at": "2025-07-15T22:39:32.743497+00:00", "symbol": "DOGE-USD"}, {"trade_id": 139184330, "side": "sell", "size": "5461.00000000", "price": "0.19549000", "time": "2025-07-15T22:36:58.667892Z", "fetched_at": "2025-07-15T22:39:32.743497+00:00", "symbol": "DOGE-USD"}, {"trade_id": 139184329, "side": "sell", "size": "39.80000000", "price": "0.19548000", "time": "2025-07-15T22:36:58.667892Z", "fetched_at": "2025-07-15T22:39:32.743497+00:00", "symbol": "DOGE-USD"}, {"trade_id": 139184328, "side": "sell", "size": "5.70000000", "price": "0.19548000", "time": "2025-07-15T22:36:58.667892Z", "fetched_at": "2025-07-15T22:39:32.743497+00:00", "symbol": "DOGE-USD"}, {"trade_id": 139184327, "side": "sell", "size": "5.70000000", "price": "0.19546000", "time": "2025-07-15T22:36:57.931575Z", "fetched_at": "2025-07-15T22:39:32.743497+00:00", "symbol": "DOGE-USD"}, {"trade_id": 139184326, "side": "sell", "size": "2067.60000000", "price": "0.19544000", "time": "2025-07-15T22:36:55.751766Z", "fetched_at": "2025-07-15T22:39:32.743497+00:00", "symbol": "DOGE-USD"}, {"trade_id": 139184325, "side": "sell", "size": "4631.00000000", "price": "0.19544000", "time": "2025-07-15T22:36:55.751766Z", "fetched_at": "2025-07-15T22:39:32.743497+00:00", "symbol": "DOGE-USD"}, {"trade_id": 139184324, "side": "sell", "size": "1660.40000000", "price": "0.19544000", "time": "2025-07-15T22:36:55.751766Z", "fetched_at": "2025-07-15T22:39:32.743497+00:00", "symbol": "DOGE-USD"}, {"trade_id": 139184323, "side": "sell", "size": "2500.00000000", "price": "0.19544000", "time": "2025-07-15T22:36:55.751766Z", "fetched_at": "2025-07-15T22:39:32.743497+00:00", "symbol": "DOGE-USD"}, {"trade_id": 139184322, "side": "sell", "size": "5.70000000", "price": "0.19544000", "time": "2025-07-15T22:36:55.751766Z", "fetched_at": "2025-07-15T22:39:32.743497+00:00", "symbol": "DOGE-USD"}, {"trade_id": 139184321, "side": "sell", "size": "26190.40000000", "price": "0.19544000", "time": "2025-07-15T22:36:55.751766Z", "fetched_at": "2025-07-15T22:39:32.743497+00:00", "symbol": "DOGE-USD"}, {"trade_id": 139184320, "side": "sell", "size": "8987.70000000", "price": "0.19543000", "time": "2025-07-15T22:36:55.751192Z", "fetched_at": "2025-07-15T22:39:32.743497+00:00", "symbol": "DOGE-USD"}, {"trade_id": 139184319, "side": "sell", "size": "6406.10000000", "price": "0.19543000", "time": "2025-07-15T22:36:55.751192Z", "fetched_at": "2025-07-15T22:39:32.743497+00:00", "symbol": "DOGE-USD"}, {"trade_id": 139184318, "side": "sell", "size": "1660.40000000", "price": "0.19543000", "time": "2025-07-15T22:36:55.751192Z", "fetched_at": "2025-07-15T22:39:32.743497+00:00", "symbol": "DOGE-USD"}, {"trade_id": 139184317, "side": "sell", "size": "51.90000000", "price": "0.19542000", "time": "2025-07-15T22:36:55.751192Z", "fetched_at": "2025-07-15T22:39:32.743497+00:00", "symbol": "DOGE-USD"}, {"trade_id": 139184316, "side": "sell", "size": "5.70000000", "price": "0.19542000", "time": "2025-07-15T22:36:55.751192Z", "fetched_at": "2025-07-15T22:39:32.743497+00:00", "symbol": "DOGE-USD"}, {"trade_id": 139184315, "side": "buy", "size": "36.20000000", "price": "0.19541000", "time": "2025-07-15T22:36:50.120637Z", "fetched_at": "2025-07-15T22:39:32.743497+00:00", "symbol": "DOGE-USD"}, {"trade_id": 139184314, "side": "sell", "size": "5.70000000", "price": "0.19540000", "time": "2025-07-15T22:36:47.585929Z", "fetched_at": "2025-07-15T22:39:32.743497+00:00", "symbol": "DOGE-USD"}, {"trade_id": 139184313, "side": "sell", "size": "5.70000000", "price": "0.19538000", "time": "2025-07-15T22:36:44.645714Z", "fetched_at": "2025-07-15T22:39:32.743497+00:00", "symbol": "DOGE-USD"}, {"trade_id": 139184312, "side": "sell", "size": "5.70000000", "price": "0.19536000", "time": "2025-07-15T22:36:38.851716Z", "fetched_at": "2025-07-15T22:39:32.743497+00:00", "symbol": "DOGE-USD"}, {"trade_id": 139184311, "side": "buy", "size": "1753.40000000", "price": "0.19531000", "time": "2025-07-15T22:36:34.636783Z", "fetched_at": "2025-07-15T22:39:32.743497+00:00", "symbol": "DOGE-USD"}, {"trade_id": 139184310, "side": "buy", "size": "57.40000000", "price": "0.19531000", "time": "2025-07-15T22:36:34.636783Z", "fetched_at": "2025-07-15T22:39:32.743497+00:00", "symbol": "DOGE-USD"}, {"trade_id": 139184309, "side": "buy", "size": "201.10000000", "price": "0.19532000", "time": "2025-07-15T22:36:32.201551Z", "fetched_at": "2025-07-15T22:39:32.743497+00:00", "symbol": "DOGE-USD"}, {"trade_id": 139184308, "side": "buy", "size": "57.40000000", "price": "0.19533000", "time": "2025-07-15T22:36:32.201551Z", "fetched_at": "2025-07-15T22:39:32.743497+00:00", "symbol": "DOGE-USD"}, {"trade_id": 139184307, "side": "buy", "size": "76.80000000", "price": "0.19537000", "time": "2025-07-15T22:36:28.467572Z", "fetched_at": "2025-07-15T22:39:32.743497+00:00", "symbol": "DOGE-USD"}, {"trade_id": 139184306, "side": "sell", "size": "26.30000000", "price": "0.19538000", "time": "2025-07-15T22:36:19.310181Z", "fetched_at": "2025-07-15T22:39:32.743497+00:00", "symbol": "DOGE-USD"}, {"trade_id": 139184305, "side": "sell", "size": "5.70000000", "price": "0.19538000", "time": "2025-07-15T22:36:19.310181Z", "fetched_at": "2025-07-15T22:39:32.743497+00:00", "symbol": "DOGE-USD"}, {"trade_id": 139184304, "side": "sell", "size": "5.70000000", "price": "0.19536000", "time": "2025-07-15T22:36:19.310181Z", "fetched_at": "2025-07-15T22:39:32.743497+00:00", "symbol": "DOGE-USD"}, {"trade_id": 139184303, "side": "sell", "size": "5.70000000", "price": "0.19534000", "time": "2025-07-15T22:36:18.592376Z", "fetched_at": "2025-07-15T22:39:32.743497+00:00", "symbol": "DOGE-USD"}, {"trade_id": 139184302, "side": "sell", "size": "43.80000000", "price": "0.19533000", "time": "2025-07-15T22:36:18.592376Z", "fetched_at": "2025-07-15T22:39:32.743497+00:00", "symbol": "DOGE-USD"}, {"trade_id": 139184301, "side": "sell", "size": "5.70000000", "price": "0.19532000", "time": "2025-07-15T22:36:18.459801Z", "fetched_at": "2025-07-15T22:39:32.743497+00:00", "symbol": "DOGE-USD"}, {"trade_id": 139184300, "side": "sell", "size": "48.90000000", "price": "0.19530000", "time": "2025-07-15T22:36:18.436935Z", "fetched_at": "2025-07-15T22:39:32.743497+00:00", "symbol": "DOGE-USD"}, {"trade_id": 139184299, "side": "sell", "size": "50.60000000", "price": "0.19531000", "time": "2025-07-15T22:36:15.259750Z", "fetched_at": "2025-07-15T22:39:32.743497+00:00", "symbol": "DOGE-USD"}, {"trade_id": 139184298, "side": "sell", "size": "1013.80000000", "price": "0.19532000", "time": "2025-07-15T22:36:14.417605Z", "fetched_at": "2025-07-15T22:39:32.743497+00:00", "symbol": "DOGE-USD"}, {"trade_id": 139184297, "side": "buy", "size": "396.90000000", "price": "0.19528000", "time": "2025-07-15T22:36:09.629676Z", "fetched_at": "2025-07-15T22:39:32.743497+00:00", "symbol": "DOGE-USD"}, {"trade_id": 139184296, "side": "buy", "size": "1593.00000000", "price": "0.19529000", "time": "2025-07-15T22:36:09.629676Z", "fetched_at": "2025-07-15T22:39:32.743497+00:00", "symbol": "DOGE-USD"}, {"trade_id": 139184295, "side": "buy", "size": "57.40000000", "price": "0.19530000", "time": "2025-07-15T22:36:09.629676Z", "fetched_at": "2025-07-15T22:39:32.743497+00:00", "symbol": "DOGE-USD"}, {"trade_id": 139184294, "side": "buy", "size": "1614.50000000", "price": "0.19530000", "time": "2025-07-15T22:36:09.629676Z", "fetched_at": "2025-07-15T22:39:32.743497+00:00", "symbol": "DOGE-USD"}, {"trade_id": 139184293, "side": "buy", "size": "1511.90000000", "price": "0.19531000", "time": "2025-07-15T22:36:09.629676Z", "fetched_at": "2025-07-15T22:39:32.743497+00:00", "symbol": "DOGE-USD"}, {"trade_id": 139184292, "side": "sell", "size": "230.50000000", "price": "0.19533000", "time": "2025-07-15T22:36:09.038993Z", "fetched_at": "2025-07-15T22:39:32.743497+00:00", "symbol": "DOGE-USD"}, {"trade_id": 139184291, "side": "sell", "size": "18.40000000", "price": "0.19533000", "time": "2025-07-15T22:36:09.038993Z", "fetched_at": "2025-07-15T22:39:32.743497+00:00", "symbol": "DOGE-USD"}, {"trade_id": 139184290, "side": "sell", "size": "1695.40000000", "price": "0.19533000", "time": "2025-07-15T22:36:04.829605Z", "fetched_at": "2025-07-15T22:39:32.743497+00:00", "symbol": "DOGE-USD"}, {"trade_id": 139184289, "side": "sell", "size": "1660.40000000", "price": "0.19533000", "time": "2025-07-15T22:36:04.829605Z", "fetched_at": "2025-07-15T22:39:32.743497+00:00", "symbol": "DOGE-USD"}, {"trade_id": 139184288, "side": "sell", "size": "43.00000000", "price": "0.19532000", "time": "2025-07-15T22:36:04.829605Z", "fetched_at": "2025-07-15T22:39:32.743497+00:00", "symbol": "DOGE-USD"}, {"trade_id": 139184287, "side": "sell", "size": "5.70000000", "price": "0.19532000", "time": "2025-07-15T22:36:04.829605Z", "fetched_at": "2025-07-15T22:39:32.743497+00:00", "symbol": "DOGE-USD"}, {"trade_id": 139184286, "side": "sell", "size": "1443.00000000", "price": "0.19531000", "time": "2025-07-15T22:36:04.829605Z", "fetched_at": "2025-07-15T22:39:32.743497+00:00", "symbol": "DOGE-USD"}, {"trade_id": 139184285, "side": "sell", "size": "5.70000000", "price": "0.19530000", "time": "2025-07-15T22:36:04.829605Z", "fetched_at": "2025-07-15T22:39:32.743497+00:00", "symbol": "DOGE-USD"}, {"trade_id": 139184284, "side": "sell", "size": "5.70000000", "price": "0.19528000", "time": "2025-07-15T22:36:01.986547Z", "fetched_at": "2025-07-15T22:39:32.743497+00:00", "symbol": "DOGE-USD"}, {"trade_id": 139184283, "side": "buy", "size": "1207.00000000", "price": "0.19518000", "time": "2025-07-15T22:36:00.160894Z", "fetched_at": "2025-07-15T22:39:32.743497+00:00", "symbol": "DOGE-USD"}, {"trade_id": 139184282, "side": "buy", "size": "34.60000000", "price": "0.19515000", "time": "2025-07-15T22:35:58.168300Z", "fetched_at": "2025-07-15T22:39:32.743497+00:00", "symbol": "DOGE-USD"}, {"trade_id": 139184281, "side": "buy", "size": "57.50000000", "price": "0.19516000", "time": "2025-07-15T22:35:58.168300Z", "fetched_at": "2025-07-15T22:39:32.743497+00:00", "symbol": "DOGE-USD"}, {"trade_id": 139184280, "side": "buy", "size": "5.70000000", "price": "0.19516000", "time": "2025-07-15T22:35:58.168300Z", "fetched_at": "2025-07-15T22:39:32.743497+00:00", "symbol": "DOGE-USD"}, {"trade_id": 139184279, "side": "buy", "size": "5.70000000", "price": "0.19518000", "time": "2025-07-15T22:35:58.168300Z", "fetched_at": "2025-07-15T22:39:32.743497+00:00", "symbol": "DOGE-USD"}, {"trade_id": 139184278, "side": "buy", "size": "5.70000000", "price": "0.19520000", "time": "2025-07-15T22:35:57.154844Z", "fetched_at": "2025-07-15T22:39:32.743497+00:00", "symbol": "DOGE-USD"}, {"trade_id": 139184277, "side": "buy", "size": "57.50000000", "price": "0.19523000", "time": "2025-07-15T22:35:56.802342Z", "fetched_at": "2025-07-15T22:39:32.743497+00:00", "symbol": "DOGE-USD"}, {"trade_id": 139184276, "side": "buy", "size": "214.60000000", "price": "0.19522000", "time": "2025-07-15T22:35:56.137150Z", "fetched_at": "2025-07-15T22:39:32.743497+00:00", "symbol": "DOGE-USD"}, {"trade_id": 139184275, "side": "buy", "size": "5.70000000", "price": "0.19522000", "time": "2025-07-15T22:35:56.137150Z", "fetched_at": "2025-07-15T22:39:32.743497+00:00", "symbol": "DOGE-USD"}, {"trade_id": 139184274, "side": "buy", "size": "57.50000000", "price": "0.19523000", "time": "2025-07-15T22:35:56.137150Z", "fetched_at": "2025-07-15T22:39:32.743497+00:00", "symbol": "DOGE-USD"}, {"trade_id": 139184273, "side": "buy", "size": "5.70000000", "price": "0.19524000", "time": "2025-07-15T22:35:56.137150Z", "fetched_at": "2025-07-15T22:39:32.743497+00:00", "symbol": "DOGE-USD"}, {"trade_id": 139184272, "side": "buy", "size": "1942.60000000", "price": "0.19528000", "time": "2025-07-15T22:35:48.964073Z", "fetched_at": "2025-07-15T22:39:32.743497+00:00", "symbol": "DOGE-USD"}, {"trade_id": 139184271, "side": "buy", "size": "57.40000000", "price": "0.19529000", "time": "2025-07-15T22:35:48.964073Z", "fetched_at": "2025-07-15T22:39:32.743497+00:00", "symbol": "DOGE-USD"}, {"trade_id": 139184270, "side": "sell", "size": "5.70000000", "price": "0.19530000", "time": "2025-07-15T22:35:44.187409Z", "fetched_at": "2025-07-15T22:39:32.743497+00:00", "symbol": "DOGE-USD"}, {"trade_id": 139184269, "side": "sell", "size": "2500.00000000", "price": "0.19528000", "time": "2025-07-15T22:35:43.153969Z", "fetched_at": "2025-07-15T22:39:32.743497+00:00", "symbol": "DOGE-USD"}, {"trade_id": 139184268, "side": "sell", "size": "1660.40000000", "price": "0.19528000", "time": "2025-07-15T22:35:43.153969Z", "fetched_at": "2025-07-15T22:39:32.743497+00:00", "symbol": "DOGE-USD"}, {"trade_id": 139184267, "side": "sell", "size": "5.70000000", "price": "0.19528000", "time": "2025-07-15T22:35:43.153969Z", "fetched_at": "2025-07-15T22:39:32.743497+00:00", "symbol": "DOGE-USD"}, {"trade_id": 139184266, "side": "buy", "size": "1593.00000000", "price": "0.19525000", "time": "2025-07-15T22:35:42.843290Z", "fetched_at": "2025-07-15T22:39:32.743497+00:00", "symbol": "DOGE-USD"}, {"trade_id": 139184265, "side": "buy", "size": "1053.00000000", "price": "0.19525000", "time": "2025-07-15T22:35:42.843290Z", "fetched_at": "2025-07-15T22:39:32.743497+00:00", "symbol": "DOGE-USD"}, {"trade_id": 139184264, "side": "sell", "size": "273.30000000", "price": "0.19526000", "time": "2025-07-15T22:35:42.794523Z", "fetched_at": "2025-07-15T22:39:32.743497+00:00", "symbol": "DOGE-USD"}, {"trade_id": 139184263, "side": "sell", "size": "1660.40000000", "price": "0.19526000", "time": "2025-07-15T22:35:42.794523Z", "fetched_at": "2025-07-15T22:39:32.743497+00:00", "symbol": "DOGE-USD"}, {"trade_id": 139184262, "side": "sell", "size": "5.70000000", "price": "0.19526000", "time": "2025-07-15T22:35:42.794523Z", "fetched_at": "2025-07-15T22:39:32.743497+00:00", "symbol": "DOGE-USD"}, {"trade_id": 139184261, "side": "sell", "size": "2544.30000000", "price": "0.19525000", "time": "2025-07-15T22:35:42.789198Z", "fetched_at": "2025-07-15T22:39:32.743497+00:00", "symbol": "DOGE-USD"}, {"trade_id": 139184260, "side": "sell", "size": "1660.40000000", "price": "0.19525000", "time": "2025-07-15T22:35:42.789198Z", "fetched_at": "2025-07-15T22:39:32.743497+00:00", "symbol": "DOGE-USD"}, {"trade_id": 139184259, "side": "sell", "size": "5.70000000", "price": "0.19524000", "time": "2025-07-15T22:35:42.789198Z", "fetched_at": "2025-07-15T22:39:32.743497+00:00", "symbol": "DOGE-USD"}, {"trade_id": 139184258, "side": "sell", "size": "2108.50000000", "price": "0.19523000", "time": "2025-07-15T22:35:42.697168Z", "fetched_at": "2025-07-15T22:39:32.743497+00:00", "symbol": "DOGE-USD"}, {"trade_id": 139184257, "side": "sell", "size": "3912.80000000", "price": "0.19523000", "time": "2025-07-15T22:35:42.694948Z", "fetched_at": "2025-07-15T22:39:32.743497+00:00", "symbol": "DOGE-USD"}, {"trade_id": 139184256, "side": "sell", "size": "6662.00000000", "price": "0.19523000", "time": "2025-07-15T22:35:42.693068Z", "fetched_at": "2025-07-15T22:39:32.743497+00:00", "symbol": "DOGE-USD"}, {"trade_id": 139184255, "side": "sell", "size": "13507.10000000", "price": "0.19523000", "time": "2025-07-15T22:35:42.690889Z", "fetched_at": "2025-07-15T22:39:32.743497+00:00", "symbol": "DOGE-USD"}, {"trade_id": 139184254, "side": "sell", "size": "27.40000000", "price": "0.19522000", "time": "2025-07-15T22:35:42.690889Z", "fetched_at": "2025-07-15T22:39:32.743497+00:00", "symbol": "DOGE-USD"}, {"trade_id": 139184253, "side": "sell", "size": "5.70000000", "price": "0.19522000", "time": "2025-07-15T22:35:42.690889Z", "fetched_at": "2025-07-15T22:39:32.743497+00:00", "symbol": "DOGE-USD"}, {"trade_id": 139184252, "side": "sell", "size": "19.40000000", "price": "0.19518000", "time": "2025-07-15T22:35:37.364623Z", "fetched_at": "2025-07-15T22:39:32.743497+00:00", "symbol": "DOGE-USD"}, {"trade_id": 139184251, "side": "sell", "size": "5.00000000", "price": "0.19518000", "time": "2025-07-15T22:35:32.952186Z", "fetched_at": "2025-07-15T22:39:32.743497+00:00", "symbol": "DOGE-USD"}, {"trade_id": 139184250, "side": "buy", "size": "57.50000000", "price": "0.19519000", "time": "2025-07-15T22:35:32.840585Z", "fetched_at": "2025-07-15T22:39:32.743497+00:00", "symbol": "DOGE-USD"}, {"trade_id": 139184249, "side": "buy", "size": "195.60000000", "price": "0.19516000", "time": "2025-07-15T22:35:30.315269Z", "fetched_at": "2025-07-15T22:39:32.743497+00:00", "symbol": "DOGE-USD"}, {"trade_id": 139184248, "side": "buy", "size": "5.70000000", "price": "0.19516000", "time": "2025-07-15T22:35:30.315269Z", "fetched_at": "2025-07-15T22:39:32.743497+00:00", "symbol": "DOGE-USD"}, {"trade_id": 139184247, "side": "buy", "size": "1433.40000000", "price": "0.19517000", "time": "2025-07-15T22:35:30.315269Z", "fetched_at": "2025-07-15T22:39:32.743497+00:00", "symbol": "DOGE-USD"}, {"trade_id": 139184246, "side": "buy", "size": "1403.70000000", "price": "0.19518000", "time": "2025-07-15T22:35:30.315269Z", "fetched_at": "2025-07-15T22:39:32.743497+00:00", "symbol": "DOGE-USD"}, {"trade_id": 139184245, "side": "buy", "size": "5.70000000", "price": "0.19518000", "time": "2025-07-15T22:35:30.315269Z", "fetched_at": "2025-07-15T22:39:32.743497+00:00", "symbol": "DOGE-USD"}, {"trade_id": 139184244, "side": "sell", "size": "24.10000000", "price": "0.19519000", "time": "2025-07-15T22:35:23.549485Z", "fetched_at": "2025-07-15T22:39:32.743497+00:00", "symbol": "DOGE-USD"}, {"trade_id": 139184243, "side": "buy", "size": "5.70000000", "price": "0.19520000", "time": "2025-07-15T22:35:19.876832Z", "fetched_at": "2025-07-15T22:39:32.743497+00:00", "symbol": "DOGE-USD"}, {"trade_id": 139184242, "side": "buy", "size": "5.70000000", "price": "0.19522000", "time": "2025-07-15T22:35:17.117092Z", "fetched_at": "2025-07-15T22:39:32.743497+00:00", "symbol": "DOGE-USD"}, {"trade_id": 139184241, "side": "buy", "size": "758.50000000", "price": "0.19523000", "time": "2025-07-15T22:35:10.290635Z", "fetched_at": "2025-07-15T22:39:32.743497+00:00", "symbol": "DOGE-USD"}, {"trade_id": 139184240, "side": "buy", "size": "5295.40000000", "price": "0.19524000", "time": "2025-07-15T22:35:10.290635Z", "fetched_at": "2025-07-15T22:39:32.743497+00:00", "symbol": "DOGE-USD"}, {"trade_id": 139184239, "side": "buy", "size": "1660.40000000", "price": "0.19524000", "time": "2025-07-15T22:35:10.290635Z", "fetched_at": "2025-07-15T22:39:32.743497+00:00", "symbol": "DOGE-USD"}, {"trade_id": 139184238, "side": "buy", "size": "57.50000000", "price": "0.19525000", "time": "2025-07-15T22:35:10.290635Z", "fetched_at": "2025-07-15T22:39:32.743497+00:00", "symbol": "DOGE-USD"}, {"trade_id": 139184237, "side": "sell", "size": "253.60000000", "price": "0.19524000", "time": "2025-07-15T22:35:09.006402Z", "fetched_at": "2025-07-15T22:39:32.743497+00:00", "symbol": "DOGE-USD"}, {"trade_id": 139184236, "side": "buy", "size": "1032.20000000", "price": "0.19523000", "time": "2025-07-15T22:35:08.892183Z", "fetched_at": "2025-07-15T22:39:32.743497+00:00", "symbol": "DOGE-USD"}, {"trade_id": 139184235, "side": "sell", "size": "25.80000000", "price": "0.19522000", "time": "2025-07-15T22:35:07.702408Z", "fetched_at": "2025-07-15T22:39:32.743497+00:00", "symbol": "DOGE-USD"}, {"trade_id": 139184234, "side": "sell", "size": "354.80000000", "price": "0.19521000", "time": "2025-07-15T22:35:07.691597Z", "fetched_at": "2025-07-15T22:39:32.743497+00:00", "symbol": "DOGE-USD"}, {"trade_id": 139184233, "side": "buy", "size": "10455.10000000", "price": "0.19520000", "time": "2025-07-15T22:35:07.537939Z", "fetched_at": "2025-07-15T22:39:32.743497+00:00", "symbol": "DOGE-USD"}, {"trade_id": 139184232, "side": "buy", "size": "2535.10000000", "price": "0.19520000", "time": "2025-07-15T22:35:07.537939Z", "fetched_at": "2025-07-15T22:39:32.743497+00:00", "symbol": "DOGE-USD"}, {"trade_id": 139184231, "side": "buy", "size": "1660.40000000", "price": "0.19520000", "time": "2025-07-15T22:35:07.537939Z", "fetched_at": "2025-07-15T22:39:32.743497+00:00", "symbol": "DOGE-USD"}, {"trade_id": 139184230, "side": "buy", "size": "5.70000000", "price": "0.19520000", "time": "2025-07-15T22:35:07.537939Z", "fetched_at": "2025-07-15T22:39:32.743497+00:00", "symbol": "DOGE-USD"}, {"trade_id": 139184229, "side": "buy", "size": "2048.50000000", "price": "0.19521000", "time": "2025-07-15T22:35:07.537597Z", "fetched_at": "2025-07-15T22:39:32.743497+00:00", "symbol": "DOGE-USD"}, {"trade_id": 139184228, "side": "buy", "size": "1593.00000000", "price": "0.19523000", "time": "2025-07-15T22:35:07.524655Z", "fetched_at": "2025-07-15T22:39:32.743497+00:00", "symbol": "DOGE-USD"}, {"trade_id": 139184227, "side": "buy", "size": "57.50000000", "price": "0.19524000", "time": "2025-07-15T22:35:07.524655Z", "fetched_at": "2025-07-15T22:39:32.743497+00:00", "symbol": "DOGE-USD"}, {"trade_id": 139184226, "side": "buy", "size": "5.70000000", "price": "0.19524000", "time": "2025-07-15T22:35:07.524655Z", "fetched_at": "2025-07-15T22:39:32.743497+00:00", "symbol": "DOGE-USD"}, {"trade_id": 139184225, "side": "buy", "size": "5.70000000", "price": "0.19526000", "time": "2025-07-15T22:35:07.524655Z", "fetched_at": "2025-07-15T22:39:32.743497+00:00", "symbol": "DOGE-USD"}, {"trade_id": 139184224, "side": "buy", "size": "5.70000000", "price": "0.19528000", "time": "2025-07-15T22:35:07.407099Z", "fetched_at": "2025-07-15T22:39:32.743497+00:00", "symbol": "DOGE-USD"}, {"trade_id": 139184223, "side": "buy", "size": "57.40000000", "price": "0.19531000", "time": "2025-07-15T22:35:07.015129Z", "fetched_at": "2025-07-15T22:39:32.743497+00:00", "symbol": "DOGE-USD"}, {"trade_id": 139184222, "side": "buy", "size": "2000.00000000", "price": "0.19532000", "time": "2025-07-15T22:35:07.012427Z", "fetched_at": "2025-07-15T22:39:32.743497+00:00", "symbol": "DOGE-USD"}, {"trade_id": 139184221, "side": "buy", "size": "794.60000000", "price": "0.19533000", "time": "2025-07-15T22:35:06.893774Z", "fetched_at": "2025-07-15T22:39:32.743497+00:00", "symbol": "DOGE-USD"}, {"trade_id": 139184220, "side": "sell", "size": "5.70000000", "price": "0.19534000", "time": "2025-07-15T22:35:05.534371Z", "fetched_at": "2025-07-15T22:39:32.743497+00:00", "symbol": "DOGE-USD"}, {"trade_id": 139184219, "side": "sell", "size": "129.10000000", "price": "0.19532000", "time": "2025-07-15T22:35:01.958791Z", "fetched_at": "2025-07-15T22:39:32.743497+00:00", "symbol": "DOGE-USD"}, {"trade_id": 139184218, "side": "sell", "size": "5.70000000", "price": "0.19532000", "time": "2025-07-15T22:35:01.958791Z", "fetched_at": "2025-07-15T22:39:32.743497+00:00", "symbol": "DOGE-USD"}, {"trade_id": 139184217, "side": "sell", "size": "14.50000000", "price": "0.19531000", "time": "2025-07-15T22:35:01.958791Z", "fetched_at": "2025-07-15T22:39:32.743497+00:00", "symbol": "DOGE-USD"}, {"trade_id": 139184216, "side": "sell", "size": "5.70000000", "price": "0.19530000", "time": "2025-07-15T22:35:00.686712Z", "fetched_at": "2025-07-15T22:39:32.743497+00:00", "symbol": "DOGE-USD"}, {"trade_id": 139184215, "side": "sell", "size": "26190.40000000", "price": "0.19530000", "time": "2025-07-15T22:35:00.686712Z", "fetched_at": "2025-07-15T22:39:32.743497+00:00", "symbol": "DOGE-USD"}, {"trade_id": 139184214, "side": "sell", "size": "31.40000000", "price": "0.19529000", "time": "2025-07-15T22:35:00.686712Z", "fetched_at": "2025-07-15T22:39:32.743497+00:00", "symbol": "DOGE-USD"}, {"trade_id": 139184213, "side": "sell", "size": "5.70000000", "price": "0.19528000", "time": "2025-07-15T22:35:00.686712Z", "fetched_at": "2025-07-15T22:39:32.743497+00:00", "symbol": "DOGE-USD"}, {"trade_id": 139184212, "side": "sell", "size": "5.70000000", "price": "0.19526000", "time": "2025-07-15T22:35:00.528692Z", "fetched_at": "2025-07-15T22:39:32.743497+00:00", "symbol": "DOGE-USD"}, {"trade_id": 139184211, "side": "sell", "size": "5.70000000", "price": "0.19524000", "time": "2025-07-15T22:35:00.442969Z", "fetched_at": "2025-07-15T22:39:32.743497+00:00", "symbol": "DOGE-USD"}, {"trade_id": 139184210, "side": "sell", "size": "219.30000000", "price": "0.19522000", "time": "2025-07-15T22:34:55.179825Z", "fetched_at": "2025-07-15T22:39:32.743497+00:00", "symbol": "DOGE-USD"}, {"trade_id": 139184209, "side": "sell", "size": "5.70000000", "price": "0.19522000", "time": "2025-07-15T22:34:55.179825Z", "fetched_at": "2025-07-15T22:39:32.743497+00:00", "symbol": "DOGE-USD"}, {"trade_id": 139184208, "side": "sell", "size": "51.10000000", "price": "0.19521000", "time": "2025-07-15T22:34:55.179825Z", "fetched_at": "2025-07-15T22:39:32.743497+00:00", "symbol": "DOGE-USD"}, {"trade_id": 139184207, "side": "sell", "size": "5.70000000", "price": "0.19520000", "time": "2025-07-15T22:34:55.179825Z", "fetched_at": "2025-07-15T22:39:32.743497+00:00", "symbol": "DOGE-USD"}, {"trade_id": 139184206, "side": "sell", "size": "5.70000000", "price": "0.19518000", "time": "2025-07-15T22:34:54.455987Z", "fetched_at": "2025-07-15T22:39:32.743497+00:00", "symbol": "DOGE-USD"}, {"trade_id": 139184205, "side": "buy", "size": "56.30000000", "price": "0.19516000", "time": "2025-07-15T22:34:50.404767Z", "fetched_at": "2025-07-15T22:39:32.743497+00:00", "symbol": "DOGE-USD"}, {"trade_id": 139184204, "side": "buy", "size": "197.50000000", "price": "0.19513000", "time": "2025-07-15T22:34:48.962216Z", "fetched_at": "2025-07-15T22:39:32.743497+00:00", "symbol": "DOGE-USD"}, {"trade_id": 139184203, "side": "buy", "size": "57.50000000", "price": "0.19513000", "time": "2025-07-15T22:34:48.962216Z", "fetched_at": "2025-07-15T22:39:32.743497+00:00", "symbol": "DOGE-USD"}, {"trade_id": 139184202, "side": "buy", "size": "367.50000000", "price": "0.19515000", "time": "2025-07-15T22:34:45.813273Z", "fetched_at": "2025-07-15T22:39:32.743497+00:00", "symbol": "DOGE-USD"}, {"trade_id": 139184201, "side": "sell", "size": "2689.10000000", "price": "0.19520000", "time": "2025-07-15T22:34:45.783919Z", "fetched_at": "2025-07-15T22:39:32.743497+00:00", "symbol": "DOGE-USD"}, {"trade_id": 139184200, "side": "sell", "size": "5.70000000", "price": "0.19520000", "time": "2025-07-15T22:34:45.783919Z", "fetched_at": "2025-07-15T22:39:32.743497+00:00", "symbol": "DOGE-USD"}, {"trade_id": 139184199, "side": "sell", "size": "1660.40000000", "price": "0.19520000", "time": "2025-07-15T22:34:45.783919Z", "fetched_at": "2025-07-15T22:39:32.743497+00:00", "symbol": "DOGE-USD"}, {"trade_id": 139184198, "side": "sell", "size": "47.80000000", "price": "0.19519000", "time": "2025-07-15T22:34:45.783919Z", "fetched_at": "2025-07-15T22:39:32.743497+00:00", "symbol": "DOGE-USD"}, {"trade_id": 139184197, "side": "sell", "size": "5.70000000", "price": "0.19518000", "time": "2025-07-15T22:34:45.783919Z", "fetched_at": "2025-07-15T22:39:32.743497+00:00", "symbol": "DOGE-USD"}, {"trade_id": 139184196, "side": "sell", "size": "569.40000000", "price": "0.19517000", "time": "2025-07-15T22:34:45.783919Z", "fetched_at": "2025-07-15T22:39:32.743497+00:00", "symbol": "DOGE-USD"}, {"trade_id": 139184195, "side": "sell", "size": "5.70000000", "price": "0.19516000", "time": "2025-07-15T22:34:45.362163Z", "fetched_at": "2025-07-15T22:39:32.743497+00:00", "symbol": "DOGE-USD"}, {"trade_id": 139184194, "side": "sell", "size": "5.70000000", "price": "0.19512000", "time": "2025-07-15T22:34:38.460310Z", "fetched_at": "2025-07-15T22:39:32.743497+00:00", "symbol": "DOGE-USD"}, {"trade_id": 139184193, "side": "sell", "size": "5.70000000", "price": "0.19510000", "time": "2025-07-15T22:34:37.606241Z", "fetched_at": "2025-07-15T22:39:32.743497+00:00", "symbol": "DOGE-USD"}, {"trade_id": 139184192, "side": "sell", "size": "4445.40000000", "price": "0.19508000", "time": "2025-07-15T22:34:37.355127Z", "fetched_at": "2025-07-15T22:39:32.743497+00:00", "symbol": "DOGE-USD"}, {"trade_id": 139184191, "side": "sell", "size": "2201.40000000", "price": "0.19508000", "time": "2025-07-15T22:34:37.316384Z", "fetched_at": "2025-07-15T22:39:32.743497+00:00", "symbol": "DOGE-USD"}, {"trade_id": 139184190, "side": "sell", "size": "1660.40000000", "price": "0.19508000", "time": "2025-07-15T22:34:37.316384Z", "fetched_at": "2025-07-15T22:39:32.743497+00:00", "symbol": "DOGE-USD"}, {"trade_id": 139184189, "side": "sell", "size": "57.50000000", "price": "0.19504000", "time": "2025-07-15T22:34:37.315074Z", "fetched_at": "2025-07-15T22:39:32.743497+00:00", "symbol": "DOGE-USD"}, {"trade_id": 139184188, "side": "sell", "size": "3750.90000000", "price": "0.19503000", "time": "2025-07-15T22:34:37.173299Z", "fetched_at": "2025-07-15T22:39:32.743497+00:00", "symbol": "DOGE-USD"}, {"trade_id": 139184187, "side": "sell", "size": "3644.10000000", "price": "0.19503000", "time": "2025-07-15T22:34:37.173299Z", "fetched_at": "2025-07-15T22:39:32.743497+00:00", "symbol": "DOGE-USD"}, {"trade_id": 139184186, "side": "sell", "size": "1660.40000000", "price": "0.19503000", "time": "2025-07-15T22:34:37.173299Z", "fetched_at": "2025-07-15T22:39:32.743497+00:00", "symbol": "DOGE-USD"}, {"trade_id": 139184185, "side": "sell", "size": "1281.40000000", "price": "0.19503000", "time": "2025-07-15T22:34:37.173299Z", "fetched_at": "2025-07-15T22:39:32.743497+00:00", "symbol": "DOGE-USD"}, {"trade_id": 139184184, "side": "sell", "size": "57.50000000", "price": "0.19502000", "time": "2025-07-15T22:34:37.173299Z", "fetched_at": "2025-07-15T22:39:32.743497+00:00", "symbol": "DOGE-USD"}, {"trade_id": 139184183, "side": "sell", "size": "1660.40000000", "price": "0.19502000", "time": "2025-07-15T22:34:37.173299Z", "fetched_at": "2025-07-15T22:39:32.743497+00:00", "symbol": "DOGE-USD"}, {"trade_id": 139184182, "side": "sell", "size": "3077.50000000", "price": "0.19502000", "time": "2025-07-15T22:34:35.572318Z", "fetched_at": "2025-07-15T22:39:32.743497+00:00", "symbol": "DOGE-USD"}, {"trade_id": 139184181, "side": "sell", "size": "1998.40000000", "price": "0.19502000", "time": "2025-07-15T22:34:35.572318Z", "fetched_at": "2025-07-15T22:39:32.743497+00:00", "symbol": "DOGE-USD"}, {"trade_id": 139184180, "side": "buy", "size": "140.80000000", "price": "0.19497000", "time": "2025-07-15T22:34:35.092253Z", "fetched_at": "2025-07-15T22:39:32.743497+00:00", "symbol": "DOGE-USD"}, {"trade_id": 139184179, "side": "buy", "size": "57.50000000", "price": "0.19498000", "time": "2025-07-15T22:34:35.092253Z", "fetched_at": "2025-07-15T22:39:32.743497+00:00", "symbol": "DOGE-USD"}, {"trade_id": 139184178, "side": "buy", "size": "1660.40000000", "price": "0.19498000", "time": "2025-07-15T22:34:35.092253Z", "fetched_at": "2025-07-15T22:39:32.743497+00:00", "symbol": "DOGE-USD"}, {"trade_id": 139184177, "side": "buy", "size": "5.70000000", "price": "0.19498000", "time": "2025-07-15T22:34:35.092253Z", "fetched_at": "2025-07-15T22:39:32.743497+00:00", "symbol": "DOGE-USD"}, {"trade_id": 139184176, "side": "buy", "size": "1593.00000000", "price": "0.19500000", "time": "2025-07-15T22:34:35.092253Z", "fetched_at": "2025-07-15T22:39:32.743497+00:00", "symbol": "DOGE-USD"}, {"trade_id": 139184175, "side": "buy", "size": "1668.40000000", "price": "0.19500000", "time": "2025-07-15T22:34:35.092253Z", "fetched_at": "2025-07-15T22:39:32.743497+00:00", "symbol": "DOGE-USD"}, {"trade_id": 139184174, "side": "sell", "size": "1281.40000000", "price": "0.19499000", "time": "2025-07-15T22:34:33.203350Z", "fetched_at": "2025-07-15T22:39:32.743497+00:00", "symbol": "DOGE-USD"}, {"trade_id": 139184173, "side": "sell", "size": "1998.40000000", "price": "0.19499000", "time": "2025-07-15T22:34:33.203350Z", "fetched_at": "2025-07-15T22:39:32.743497+00:00", "symbol": "DOGE-USD"}, {"trade_id": 139184172, "side": "buy", "size": "5.70000000", "price": "0.19500000", "time": "2025-07-15T22:34:32.827780Z", "fetched_at": "2025-07-15T22:39:32.743497+00:00", "symbol": "DOGE-USD"}, {"trade_id": 139184171, "side": "buy", "size": "5.70000000", "price": "0.19502000", "time": "2025-07-15T22:34:32.821648Z", "fetched_at": "2025-07-15T22:39:32.743497+00:00", "symbol": "DOGE-USD"}, {"trade_id": 139184170, "side": "buy", "size": "5.70000000", "price": "0.19502000", "time": "2025-07-15T22:34:32.821648Z", "fetched_at": "2025-07-15T22:39:32.743497+00:00", "symbol": "DOGE-USD"}, {"trade_id": 139184169, "side": "buy", "size": "5.70000000", "price": "0.19504000", "time": "2025-07-15T22:34:32.821110Z", "fetched_at": "2025-07-15T22:39:32.743497+00:00", "symbol": "DOGE-USD"}, {"trade_id": 139184168, "side": "buy", "size": "5.70000000", "price": "0.19506000", "time": "2025-07-15T22:34:29.369060Z", "fetched_at": "2025-07-15T22:39:32.743497+00:00", "symbol": "DOGE-USD"}, {"trade_id": 139184167, "side": "buy", "size": "5.70000000", "price": "0.19508000", "time": "2025-07-15T22:34:28.645755Z", "fetched_at": "2025-07-15T22:39:32.743497+00:00", "symbol": "DOGE-USD"}, {"trade_id": 139184166, "side": "buy", "size": "5.70000000", "price": "0.19510000", "time": "2025-07-15T22:34:27.456256Z", "fetched_at": "2025-07-15T22:39:32.743497+00:00", "symbol": "DOGE-USD"}, {"trade_id": 139184165, "side": "buy", "size": "5.70000000", "price": "0.19512000", "time": "2025-07-15T22:34:27.372178Z", "fetched_at": "2025-07-15T22:39:32.743497+00:00", "symbol": "DOGE-USD"}, {"trade_id": 139184164, "side": "sell", "size": "57.50000000", "price": "0.19514000", "time": "2025-07-15T22:34:25.955685Z", "fetched_at": "2025-07-15T22:39:32.743497+00:00", "symbol": "DOGE-USD"}, {"trade_id": 139184163, "side": "buy", "size": "5.70000000", "price": "0.19514000", "time": "2025-07-15T22:34:25.594436Z", "fetched_at": "2025-07-15T22:39:32.743497+00:00", "symbol": "DOGE-USD"}, {"trade_id": 139184162, "side": "buy", "size": "5.70000000", "price": "0.19516000", "time": "2025-07-15T22:34:24.360591Z", "fetched_at": "2025-07-15T22:39:32.743497+00:00", "symbol": "DOGE-USD"}, {"trade_id": 139184161, "side": "buy", "size": "5.70000000", "price": "0.19518000", "time": "2025-07-15T22:34:24.223630Z", "fetched_at": "2025-07-15T22:39:32.743497+00:00", "symbol": "DOGE-USD"}, {"trade_id": 139184160, "side": "sell", "size": "57.50000000", "price": "0.19519000", "time": "2025-07-15T22:34:23.906445Z", "fetched_at": "2025-07-15T22:39:32.743497+00:00", "symbol": "DOGE-USD"}, {"trade_id": 139184159, "side": "sell", "size": "57.50000000", "price": "0.19520000", "time": "2025-07-15T22:34:20.436564Z", "fetched_at": "2025-07-15T22:39:32.743497+00:00", "symbol": "DOGE-USD"}, {"trade_id": 139184158, "side": "sell", "size": "177.40000000", "price": "0.19522000", "time": "2025-07-15T22:34:18.186512Z", "fetched_at": "2025-07-15T22:39:32.743497+00:00", "symbol": "DOGE-USD"}, {"trade_id": 139184157, "side": "sell", "size": "354.80000000", "price": "0.19521000", "time": "2025-07-15T22:34:18.186512Z", "fetched_at": "2025-07-15T22:39:32.743497+00:00", "symbol": "DOGE-USD"}, {"trade_id": 139184156, "side": "buy", "size": "1523.00000000", "price": "0.19519000", "time": "2025-07-15T22:34:18.182952Z", "fetched_at": "2025-07-15T22:39:32.743497+00:00", "symbol": "DOGE-USD"}, {"trade_id": 139184155, "side": "buy", "size": "1346.50000000", "price": "0.19519000", "time": "2025-07-15T22:34:18.182952Z", "fetched_at": "2025-07-15T22:39:32.743497+00:00", "symbol": "DOGE-USD"}, {"trade_id": 139184154, "side": "buy", "size": "4181.30000000", "price": "0.19520000", "time": "2025-07-15T22:34:18.182952Z", "fetched_at": "2025-07-15T22:39:32.743497+00:00", "symbol": "DOGE-USD"}, {"trade_id": 139184153, "side": "buy", "size": "1593.00000000", "price": "0.19520000", "time": "2025-07-15T22:34:18.182952Z", "fetched_at": "2025-07-15T22:39:32.743497+00:00", "symbol": "DOGE-USD"}, {"trade_id": 139184152, "side": "buy", "size": "2000.00000000", "price": "0.19520000", "time": "2025-07-15T22:34:18.182952Z", "fetched_at": "2025-07-15T22:39:32.743497+00:00", "symbol": "DOGE-USD"}, {"trade_id": 139184151, "side": "buy", "size": "5.70000000", "price": "0.19520000", "time": "2025-07-15T22:34:18.182952Z", "fetched_at": "2025-07-15T22:39:32.743497+00:00", "symbol": "DOGE-USD"}, {"trade_id": 139184150, "side": "buy", "size": "10000.00000000", "price": "0.19521000", "time": "2025-07-15T22:34:18.182578Z", "fetched_at": "2025-07-15T22:39:32.743497+00:00", "symbol": "DOGE-USD"}, {"trade_id": 139184149, "side": "buy", "size": "1593.00000000", "price": "0.19522000", "time": "2025-07-15T22:34:18.181093Z", "fetched_at": "2025-07-15T22:39:32.743497+00:00", "symbol": "DOGE-USD"}, {"trade_id": 139184148, "side": "buy", "size": "5.70000000", "price": "0.19522000", "time": "2025-07-15T22:34:18.181093Z", "fetched_at": "2025-07-15T22:39:32.743497+00:00", "symbol": "DOGE-USD"}, {"trade_id": 139184147, "side": "buy", "size": "57.50000000", "price": "0.19524000", "time": "2025-07-15T22:34:18.181093Z", "fetched_at": "2025-07-15T22:39:32.743497+00:00", "symbol": "DOGE-USD"}, {"trade_id": 139184146, "side": "buy", "size": "5.70000000", "price": "0.19524000", "time": "2025-07-15T22:34:18.181093Z", "fetched_at": "2025-07-15T22:39:32.743497+00:00", "symbol": "DOGE-USD"}, {"trade_id": 139184145, "side": "buy", "size": "1451.10000000", "price": "0.19525000", "time": "2025-07-15T22:34:18.180814Z", "fetched_at": "2025-07-15T22:39:32.743497+00:00", "symbol": "DOGE-USD"}, {"trade_id": 139184144, "side": "sell", "size": "4.90000000", "price": "0.19526000", "time": "2025-07-15T22:34:17.234989Z", "fetched_at": "2025-07-15T22:39:32.743497+00:00", "symbol": "DOGE-USD"}, {"trade_id": 139184143, "side": "buy", "size": "5.70000000", "price": "0.19526000", "time": "2025-07-15T22:34:13.101877Z", "fetched_at": "2025-07-15T22:39:32.743497+00:00", "symbol": "DOGE-USD"}, {"trade_id": 139184142, "side": "buy", "size": "5.70000000", "price": "0.19528000", "time": "2025-07-15T22:34:11.406217Z", "fetched_at": "2025-07-15T22:39:32.743497+00:00", "symbol": "DOGE-USD"}, {"trade_id": 139184141, "side": "sell", "size": "13.30000000", "price": "0.19529000", "time": "2025-07-15T22:34:08.534471Z", "fetched_at": "2025-07-15T22:39:32.743497+00:00", "symbol": "DOGE-USD"}, {"trade_id": 139184140, "side": "sell", "size": "99.50000000", "price": "0.19529000", "time": "2025-07-15T22:34:08.519333Z", "fetched_at": "2025-07-15T22:39:32.743497+00:00", "symbol": "DOGE-USD"}, {"trade_id": 139184139, "side": "sell", "size": "57.40000000", "price": "0.19530000", "time": "2025-07-15T22:34:03.516454Z", "fetched_at": "2025-07-15T22:39:32.743497+00:00", "symbol": "DOGE-USD"}, {"trade_id": 139184138, "side": "buy", "size": "5.70000000", "price": "0.19530000", "time": "2025-07-15T22:34:01.300386Z", "fetched_at": "2025-07-15T22:39:32.743497+00:00", "symbol": "DOGE-USD"}, {"trade_id": 139184137, "side": "buy", "size": "1397.00000000", "price": "0.19532000", "time": "2025-07-15T22:34:00.755492Z", "fetched_at": "2025-07-15T22:39:32.743497+00:00", "symbol": "DOGE-USD"}, {"trade_id": 139184136, "side": "buy", "size": "5.70000000", "price": "0.19532000", "time": "2025-07-15T22:34:00.755492Z", "fetched_at": "2025-07-15T22:39:32.743497+00:00", "symbol": "DOGE-USD"}, {"trade_id": 139184135, "side": "buy", "size": "57.40000000", "price": "0.19533000", "time": "2025-07-15T22:34:00.751591Z", "fetched_at": "2025-07-15T22:39:32.743497+00:00", "symbol": "DOGE-USD"}, {"trade_id": 139184134, "side": "buy", "size": "15.20000000", "price": "0.19533000", "time": "2025-07-15T22:34:00.704126Z", "fetched_at": "2025-07-15T22:39:32.743497+00:00", "symbol": "DOGE-USD"}, {"trade_id": 139184133, "side": "buy", "size": "5.70000000", "price": "0.19534000", "time": "2025-07-15T22:34:00.704126Z", "fetched_at": "2025-07-15T22:39:32.743497+00:00", "symbol": "DOGE-USD"}, {"trade_id": 139184132, "side": "buy", "size": "2000.00000000", "price": "0.19537000", "time": "2025-07-15T22:33:59.671307Z", "fetched_at": "2025-07-15T22:39:32.743497+00:00", "symbol": "DOGE-USD"}, {"trade_id": 139184131, "side": "sell", "size": "49.40000000", "price": "0.19541000", "time": "2025-07-15T22:33:58.920823Z", "fetched_at": "2025-07-15T22:39:32.743497+00:00", "symbol": "DOGE-USD"}, {"trade_id": 139184130, "side": "sell", "size": "3785.30000000", "price": "0.19537000", "time": "2025-07-15T22:33:57.461944Z", "fetched_at": "2025-07-15T22:39:32.743497+00:00", "symbol": "DOGE-USD"}, {"trade_id": 139184129, "side": "sell", "size": "3578.60000000", "price": "0.19537000", "time": "2025-07-15T22:33:57.461944Z", "fetched_at": "2025-07-15T22:39:32.743497+00:00", "symbol": "DOGE-USD"}, {"trade_id": 139184128, "side": "sell", "size": "1660.40000000", "price": "0.19537000", "time": "2025-07-15T22:33:57.461944Z", "fetched_at": "2025-07-15T22:39:32.743497+00:00", "symbol": "DOGE-USD"}, {"trade_id": 139184127, "side": "sell", "size": "57.40000000", "price": "0.19536000", "time": "2025-07-15T22:33:57.451917Z", "fetched_at": "2025-07-15T22:39:32.743497+00:00", "symbol": "DOGE-USD"}, {"trade_id": 139184126, "side": "sell", "size": "354.80000000", "price": "0.19535000", "time": "2025-07-15T22:33:57.332765Z", "fetched_at": "2025-07-15T22:39:32.743497+00:00", "symbol": "DOGE-USD"}, {"trade_id": 139184125, "side": "sell", "size": "63.90000000", "price": "0.19537000", "time": "2025-07-15T22:33:56.830621Z", "fetched_at": "2025-07-15T22:39:32.743497+00:00", "symbol": "DOGE-USD"}, {"trade_id": 139184124, "side": "buy", "size": "2000.00000000", "price": "0.19536000", "time": "2025-07-15T22:33:56.829605Z", "fetched_at": "2025-07-15T22:39:32.743497+00:00", "symbol": "DOGE-USD"}, {"trade_id": 139184123, "side": "buy", "size": "705.90000000", "price": "0.19535000", "time": "2025-07-15T22:33:56.722758Z", "fetched_at": "2025-07-15T22:39:32.743497+00:00", "symbol": "DOGE-USD"}, {"trade_id": 139184122, "side": "buy", "size": "2364.70000000", "price": "0.19535000", "time": "2025-07-15T22:33:56.722058Z", "fetched_at": "2025-07-15T22:39:32.743497+00:00", "symbol": "DOGE-USD"}, {"trade_id": 139184121, "side": "buy", "size": "4092.60000000", "price": "0.19535000", "time": "2025-07-15T22:33:56.722058Z", "fetched_at": "2025-07-15T22:39:32.743497+00:00", "symbol": "DOGE-USD"}, {"trade_id": 139184120, "side": "buy", "size": "7635.30000000", "price": "0.19535000", "time": "2025-07-15T22:33:56.718142Z", "fetched_at": "2025-07-15T22:39:32.743497+00:00", "symbol": "DOGE-USD"}, {"trade_id": 139184119, "side": "buy", "size": "616.90000000", "price": "0.19535000", "time": "2025-07-15T22:33:56.718142Z", "fetched_at": "2025-07-15T22:39:32.743497+00:00", "symbol": "DOGE-USD"}, {"trade_id": 139184118, "side": "buy", "size": "1363.30000000", "price": "0.19535000", "time": "2025-07-15T22:33:56.714784Z", "fetched_at": "2025-07-15T22:39:32.743497+00:00", "symbol": "DOGE-USD"}, {"trade_id": 139184117, "side": "buy", "size": "4450.30000000", "price": "0.19536000", "time": "2025-07-15T22:33:56.714784Z", "fetched_at": "2025-07-15T22:39:32.743497+00:00", "symbol": "DOGE-USD"}, {"trade_id": 139184116, "side": "buy", "size": "1593.00000000", "price": "0.19536000", "time": "2025-07-15T22:33:56.714784Z", "fetched_at": "2025-07-15T22:39:32.743497+00:00", "symbol": "DOGE-USD"}, {"trade_id": 139184115, "side": "buy", "size": "5.70000000", "price": "0.19536000", "time": "2025-07-15T22:33:56.714784Z", "fetched_at": "2025-07-15T22:39:32.743497+00:00", "symbol": "DOGE-USD"}, {"trade_id": 139184114, "side": "buy", "size": "57.40000000", "price": "0.19538000", "time": "2025-07-15T22:33:56.714784Z", "fetched_at": "2025-07-15T22:39:32.743497+00:00", "symbol": "DOGE-USD"}, {"trade_id": 139184113, "side": "buy", "size": "5.70000000", "price": "0.19538000", "time": "2025-07-15T22:33:56.714784Z", "fetched_at": "2025-07-15T22:39:32.743497+00:00", "symbol": "DOGE-USD"}, {"trade_id": 139184112, "side": "sell", "size": "602.60000000", "price": "0.19539000", "time": "2025-07-15T22:33:55.751981Z", "fetched_at": "2025-07-15T22:39:32.743497+00:00", "symbol": "DOGE-USD"}, {"trade_id": 139184111, "side": "sell", "size": "42.70000000", "price": "0.19539000", "time": "2025-07-15T22:33:55.751981Z", "fetched_at": "2025-07-15T22:39:32.743497+00:00", "symbol": "DOGE-USD"}, {"trade_id": 139184110, "side": "buy", "size": "5.70000000", "price": "0.19540000", "time": "2025-07-15T22:33:54.939455Z", "fetched_at": "2025-07-15T22:39:32.743497+00:00", "symbol": "DOGE-USD"}, {"trade_id": 139184109, "side": "buy", "size": "1660.40000000", "price": "0.19541000", "time": "2025-07-15T22:33:54.437113Z", "fetched_at": "2025-07-15T22:39:32.743497+00:00", "symbol": "DOGE-USD"}, {"trade_id": 139184108, "side": "buy", "size": "1340.10000000", "price": "0.19541000", "time": "2025-07-15T22:33:54.437113Z", "fetched_at": "2025-07-15T22:39:32.743497+00:00", "symbol": "DOGE-USD"}, {"trade_id": 139184107, "side": "buy", "size": "1660.40000000", "price": "0.19542000", "time": "2025-07-15T22:33:54.437113Z", "fetched_at": "2025-07-15T22:39:32.743497+00:00", "symbol": "DOGE-USD"}, {"trade_id": 139184106, "side": "buy", "size": "5.70000000", "price": "0.19542000", "time": "2025-07-15T22:33:54.437113Z", "fetched_at": "2025-07-15T22:39:32.743497+00:00", "symbol": "DOGE-USD"}, {"trade_id": 139184105, "side": "buy", "size": "5091.30000000", "price": "0.19543000", "time": "2025-07-15T22:33:54.426281Z", "fetched_at": "2025-07-15T22:39:32.743497+00:00", "symbol": "DOGE-USD"}, {"trade_id": 139184104, "side": "buy", "size": "1660.40000000", "price": "0.19543000", "time": "2025-07-15T22:33:54.426281Z", "fetched_at": "2025-07-15T22:39:32.743497+00:00", "symbol": "DOGE-USD"}, {"trade_id": 139184103, "side": "buy", "size": "57.40000000", "price": "0.19544000", "time": "2025-07-15T22:33:54.426281Z", "fetched_at": "2025-07-15T22:39:32.743497+00:00", "symbol": "DOGE-USD"}, {"trade_id": 139184102, "side": "buy", "size": "5.70000000", "price": "0.19544000", "time": "2025-07-15T22:33:54.426281Z", "fetched_at": "2025-07-15T22:39:32.743497+00:00", "symbol": "DOGE-USD"}, {"trade_id": 139184101, "side": "buy", "size": "5.70000000", "price": "0.19546000", "time": "2025-07-15T22:33:54.426281Z", "fetched_at": "2025-07-15T22:39:32.743497+00:00", "symbol": "DOGE-USD"}, {"trade_id": 139184100, "side": "buy", "size": "5.70000000", "price": "0.19548000", "time": "2025-07-15T22:33:51.054549Z", "fetched_at": "2025-07-15T22:39:32.743497+00:00", "symbol": "DOGE-USD"}, {"trade_id": 139184099, "side": "buy", "size": "5.70000000", "price": "0.19550000", "time": "2025-07-15T22:33:50.353485Z", "fetched_at": "2025-07-15T22:39:32.743497+00:00", "symbol": "DOGE-USD"}, {"trade_id": 139184098, "side": "buy", "size": "5.70000000", "price": "0.19552000", "time": "2025-07-15T22:33:49.188338Z", "fetched_at": "2025-07-15T22:39:32.743497+00:00", "symbol": "DOGE-USD"}, {"trade_id": 139184097, "side": "sell", "size": "402.60000000", "price": "0.19553000", "time": "2025-07-15T22:33:44.744973Z", "fetched_at": "2025-07-15T22:39:32.743497+00:00", "symbol": "DOGE-USD"}, {"trade_id": 139184096, "side": "sell", "size": "1622.10000000", "price": "0.19553000", "time": "2025-07-15T22:33:44.744973Z", "fetched_at": "2025-07-15T22:39:32.743497+00:00", "symbol": "DOGE-USD"}, {"trade_id": 139184095, "side": "buy", "size": "5.70000000", "price": "0.19554000", "time": "2025-07-15T22:33:41.976270Z", "fetched_at": "2025-07-15T22:39:32.743497+00:00", "symbol": "DOGE-USD"}, {"trade_id": 139184094, "side": "buy", "size": "10000.00000000", "price": "0.19556000", "time": "2025-07-15T22:33:40.937873Z", "fetched_at": "2025-07-15T22:39:32.743497+00:00", "symbol": "DOGE-USD"}, {"trade_id": 139184093, "side": "buy", "size": "57.40000000", "price": "0.19558000", "time": "2025-07-15T22:33:40.937873Z", "fetched_at": "2025-07-15T22:39:32.743497+00:00", "symbol": "DOGE-USD"}, {"trade_id": 139184092, "side": "buy", "size": "134.20000000", "price": "0.19557000", "time": "2025-07-15T22:33:40.224498Z", "fetched_at": "2025-07-15T22:39:32.743497+00:00", "symbol": "DOGE-USD"}, {"trade_id": 139184091, "side": "sell", "size": "57.40000000", "price": "0.19560000", "time": "2025-07-15T22:33:37.860287Z", "fetched_at": "2025-07-15T22:39:32.743497+00:00", "symbol": "DOGE-USD"}, {"trade_id": 139184090, "side": "buy", "size": "972.20000000", "price": "0.19557000", "time": "2025-07-15T22:33:37.438409Z", "fetched_at": "2025-07-15T22:39:32.743497+00:00", "symbol": "DOGE-USD"}, {"trade_id": 139184089, "side": "buy", "size": "1506.50000000", "price": "0.19558000", "time": "2025-07-15T22:33:37.438409Z", "fetched_at": "2025-07-15T22:39:32.743497+00:00", "symbol": "DOGE-USD"}, {"trade_id": 139184088, "side": "buy", "size": "21.30000000", "price": "0.19558000", "time": "2025-07-15T22:33:37.438409Z", "fetched_at": "2025-07-15T22:39:32.743497+00:00", "symbol": "DOGE-USD"}, {"trade_id": 139184087, "side": "sell", "size": "474.10000000", "price": "0.19559000", "time": "2025-07-15T22:33:31.618560Z", "fetched_at": "2025-07-15T22:39:32.743497+00:00", "symbol": "DOGE-USD"}, {"trade_id": 139184086, "side": "sell", "size": "57.40000000", "price": "0.19558000", "time": "2025-07-15T22:33:31.618560Z", "fetched_at": "2025-07-15T22:39:32.743497+00:00", "symbol": "DOGE-USD"}, {"trade_id": 139184085, "side": "buy", "size": "124.10000000", "price": "0.19552000", "time": "2025-07-15T22:33:29.967411Z", "fetched_at": "2025-07-15T22:39:32.743497+00:00", "symbol": "DOGE-USD"}, {"trade_id": 139184084, "side": "buy", "size": "5.70000000", "price": "0.19552000", "time": "2025-07-15T22:33:29.967411Z", "fetched_at": "2025-07-15T22:39:32.743497+00:00", "symbol": "DOGE-USD"}, {"trade_id": 139184083, "side": "buy", "size": "57.40000000", "price": "0.19553000", "time": "2025-07-15T22:33:29.967411Z", "fetched_at": "2025-07-15T22:39:32.743497+00:00", "symbol": "DOGE-USD"}, {"trade_id": 139184082, "side": "buy", "size": "5.70000000", "price": "0.19554000", "time": "2025-07-15T22:33:29.143640Z", "fetched_at": "2025-07-15T22:39:32.743497+00:00", "symbol": "DOGE-USD"}, {"trade_id": 139184081, "side": "buy", "size": "5.70000000", "price": "0.19556000", "time": "2025-07-15T22:33:29.100647Z", "fetched_at": "2025-07-15T22:39:32.743497+00:00", "symbol": "DOGE-USD"}, {"trade_id": 139184080, "side": "sell", "size": "390.50000000", "price": "0.19557000", "time": "2025-07-15T22:33:29.022795Z", "fetched_at": "2025-07-15T22:39:32.743497+00:00", "symbol": "DOGE-USD"}, {"trade_id": 139184079, "side": "buy", "size": "511.20000000", "price": "0.19557000", "time": "2025-07-15T22:33:28.487276Z", "fetched_at": "2025-07-15T22:39:32.743497+00:00", "symbol": "DOGE-USD"}, {"trade_id": 139184078, "side": "sell", "size": "57.40000000", "price": "0.19561000", "time": "2025-07-15T22:33:23.920687Z", "fetched_at": "2025-07-15T22:39:32.743497+00:00", "symbol": "DOGE-USD"}, {"trade_id": 139184077, "side": "sell", "size": "3068.30000000", "price": "0.19560000", "time": "2025-07-15T22:33:23.898519Z", "fetched_at": "2025-07-15T22:39:32.743497+00:00", "symbol": "DOGE-USD"}, {"trade_id": 139184076, "side": "sell", "size": "9339.00000000", "price": "0.19561000", "time": "2025-07-15T22:33:20.178953Z", "fetched_at": "2025-07-15T22:39:32.743497+00:00", "symbol": "DOGE-USD"}, {"trade_id": 139184075, "side": "sell", "size": "2500.00000000", "price": "0.19561000", "time": "2025-07-15T22:33:20.178953Z", "fetched_at": "2025-07-15T22:39:32.743497+00:00", "symbol": "DOGE-USD"}, {"trade_id": 139184074, "side": "sell", "size": "6989.40000000", "price": "0.19561000", "time": "2025-07-15T22:33:20.178953Z", "fetched_at": "2025-07-15T22:39:32.743497+00:00", "symbol": "DOGE-USD"}, {"trade_id": 139184073, "side": "sell", "size": "9177.60000000", "price": "0.19561000", "time": "2025-07-15T22:33:20.178953Z", "fetched_at": "2025-07-15T22:39:32.743497+00:00", "symbol": "DOGE-USD"}, {"trade_id": 139184072, "side": "sell", "size": "9584.10000000", "price": "0.19561000", "time": "2025-07-15T22:33:20.178953Z", "fetched_at": "2025-07-15T22:39:32.743497+00:00", "symbol": "DOGE-USD"}, {"trade_id": 139184071, "side": "sell", "size": "5595.40000000", "price": "0.19561000", "time": "2025-07-15T22:33:20.178953Z", "fetched_at": "2025-07-15T22:39:32.743497+00:00", "symbol": "DOGE-USD"}, {"trade_id": 139184070, "side": "sell", "size": "1660.40000000", "price": "0.19561000", "time": "2025-07-15T22:33:20.178953Z", "fetched_at": "2025-07-15T22:39:32.743497+00:00", "symbol": "DOGE-USD"}, {"trade_id": 139184069, "side": "sell", "size": "12110.50000000", "price": "0.19560000", "time": "2025-07-15T22:33:20.178953Z", "fetched_at": "2025-07-15T22:39:32.743497+00:00", "symbol": "DOGE-USD"}, {"trade_id": 139184068, "side": "sell", "size": "6990.20000000", "price": "0.19560000", "time": "2025-07-15T22:33:20.178953Z", "fetched_at": "2025-07-15T22:39:32.743497+00:00", "symbol": "DOGE-USD"}, {"trade_id": 139184067, "side": "sell", "size": "4452.60000000", "price": "0.19560000", "time": "2025-07-15T22:33:20.178953Z", "fetched_at": "2025-07-15T22:39:32.743497+00:00", "symbol": "DOGE-USD"}, {"trade_id": 139184066, "side": "sell", "size": "4450.40000000", "price": "0.19560000", "time": "2025-07-15T22:33:20.178953Z", "fetched_at": "2025-07-15T22:39:32.743497+00:00", "symbol": "DOGE-USD"}, {"trade_id": 139184065, "side": "sell", "size": "2401.70000000", "price": "0.19560000", "time": "2025-07-15T22:33:20.178953Z", "fetched_at": "2025-07-15T22:39:32.743497+00:00", "symbol": "DOGE-USD"}, {"trade_id": 139184064, "side": "sell", "size": "2144.80000000", "price": "0.19560000", "time": "2025-07-15T22:33:20.178953Z", "fetched_at": "2025-07-15T22:39:32.743497+00:00", "symbol": "DOGE-USD"}, {"trade_id": 139184063, "side": "sell", "size": "2533.20000000", "price": "0.19560000", "time": "2025-07-15T22:33:20.178953Z", "fetched_at": "2025-07-15T22:39:32.743497+00:00", "symbol": "DOGE-USD"}, {"trade_id": 139184062, "side": "sell", "size": "1660.40000000", "price": "0.19560000", "time": "2025-07-15T22:33:20.178953Z", "fetched_at": "2025-07-15T22:39:32.743497+00:00", "symbol": "DOGE-USD"}, {"trade_id": 139184061, "side": "sell", "size": "1593.00000000", "price": "0.19560000", "time": "2025-07-15T22:33:20.178953Z", "fetched_at": "2025-07-15T22:39:32.743497+00:00", "symbol": "DOGE-USD"}, {"trade_id": 139184060, "side": "sell", "size": "57.40000000", "price": "0.19559000", "time": "2025-07-15T22:33:20.178953Z", "fetched_at": "2025-07-15T22:39:32.743497+00:00", "symbol": "DOGE-USD"}, {"trade_id": 139184059, "side": "sell", "size": "3919.30000000", "price": "0.19559000", "time": "2025-07-15T22:33:20.178953Z", "fetched_at": "2025-07-15T22:39:32.743497+00:00", "symbol": "DOGE-USD"}, {"trade_id": 139184058, "side": "sell", "size": "2198.70000000", "price": "0.19559000", "time": "2025-07-15T22:33:20.178953Z", "fetched_at": "2025-07-15T22:39:32.743497+00:00", "symbol": "DOGE-USD"}, {"trade_id": 139184057, "side": "sell", "size": "3782.40000000", "price": "0.19559000", "time": "2025-07-15T22:33:20.178953Z", "fetched_at": "2025-07-15T22:39:32.743497+00:00", "symbol": "DOGE-USD"}, {"trade_id": 139184056, "side": "sell", "size": "1660.40000000", "price": "0.19559000", "time": "2025-07-15T22:33:20.178953Z", "fetched_at": "2025-07-15T22:39:32.743497+00:00", "symbol": "DOGE-USD"}, {"trade_id": 139184055, "side": "sell", "size": "1968.40000000", "price": "0.19558000", "time": "2025-07-15T22:33:20.178953Z", "fetched_at": "2025-07-15T22:39:32.743497+00:00", "symbol": "DOGE-USD"}, {"trade_id": 139184054, "side": "sell", "size": "1405.40000000", "price": "0.19558000", "time": "2025-07-15T22:33:20.178953Z", "fetched_at": "2025-07-15T22:39:32.743497+00:00", "symbol": "DOGE-USD"}, {"trade_id": 139184053, "side": "sell", "size": "1574.90000000", "price": "0.19557000", "time": "2025-07-15T22:33:20.178953Z", "fetched_at": "2025-07-15T22:39:32.743497+00:00", "symbol": "DOGE-USD"}, {"trade_id": 139184052, "side": "sell", "size": "1324.80000000", "price": "0.19557000", "time": "2025-07-15T22:33:20.178953Z", "fetched_at": "2025-07-15T22:39:32.743497+00:00", "symbol": "DOGE-USD"}, {"trade_id": 139184051, "side": "sell", "size": "34.80000000", "price": "0.19557000", "time": "2025-07-15T22:33:18.938662Z", "fetched_at": "2025-07-15T22:39:32.743497+00:00", "symbol": "DOGE-USD"}, {"trade_id": 139184050, "side": "buy", "size": "461.70000000", "price": "0.19557000", "time": "2025-07-15T22:33:16.191309Z", "fetched_at": "2025-07-15T22:39:32.743497+00:00", "symbol": "DOGE-USD"}, {"trade_id": 139184049, "side": "buy", "size": "982.70000000", "price": "0.19559000", "time": "2025-07-15T22:33:15.321043Z", "fetched_at": "2025-07-15T22:39:32.743497+00:00", "symbol": "DOGE-USD"}, {"trade_id": 139184048, "side": "sell", "size": "390.50000000", "price": "0.19557000", "time": "2025-07-15T22:33:12.594365Z", "fetched_at": "2025-07-15T22:39:32.743497+00:00", "symbol": "DOGE-USD"}, {"trade_id": 139184047, "side": "sell", "size": "390.50000000", "price": "0.19558000", "time": "2025-07-15T22:32:58.078573Z", "fetched_at": "2025-07-15T22:39:32.743497+00:00", "symbol": "DOGE-USD"}, {"trade_id": 139184046, "side": "buy", "size": "57.40000000", "price": "0.19559000", "time": "2025-07-15T22:32:58.069987Z", "fetched_at": "2025-07-15T22:39:32.743497+00:00", "symbol": "DOGE-USD"}, {"trade_id": 139184045, "side": "buy", "size": "377.80000000", "price": "0.19560000", "time": "2025-07-15T22:32:58.068122Z", "fetched_at": "2025-07-15T22:39:32.743497+00:00", "symbol": "DOGE-USD"}, {"trade_id": 139184044, "side": "sell", "size": "42.00000000", "price": "0.19561000", "time": "2025-07-15T22:32:57.310329Z", "fetched_at": "2025-07-15T22:39:32.743497+00:00", "symbol": "DOGE-USD"}, {"trade_id": 139184043, "side": "sell", "size": "57.40000000", "price": "0.19561000", "time": "2025-07-15T22:32:57.310329Z", "fetched_at": "2025-07-15T22:39:32.743497+00:00", "symbol": "DOGE-USD"}, {"trade_id": 139184042, "side": "buy", "size": "1259.00000000", "price": "0.19560000", "time": "2025-07-15T22:32:57.007741Z", "fetched_at": "2025-07-15T22:39:32.743497+00:00", "symbol": "DOGE-USD"}, {"trade_id": 139184041, "side": "buy", "size": "600.00000000", "price": "0.19559000", "time": "2025-07-15T22:32:55.622541Z", "fetched_at": "2025-07-15T22:39:32.743497+00:00", "symbol": "DOGE-USD"}, {"trade_id": 139184040, "side": "sell", "size": "57.40000000", "price": "0.19559000", "time": "2025-07-15T22:32:53.677657Z", "fetched_at": "2025-07-15T22:39:32.743497+00:00", "symbol": "DOGE-USD"}, {"trade_id": 139184039, "side": "sell", "size": "188.30000000", "price": "0.19559000", "time": "2025-07-15T22:32:51.701772Z", "fetched_at": "2025-07-15T22:39:32.743497+00:00", "symbol": "DOGE-USD"}