[{"trade_id": 139190966, "side": "sell", "size": "23.90000000", "price": "0.19875000", "time": "2025-07-15T23:39:29.670201Z", "fetched_at": "2025-07-15T23:39:34.144834+00:00", "symbol": "DOGE-USD"}, {"trade_id": 139190965, "side": "buy", "size": "886.00000000", "price": "0.19874000", "time": "2025-07-15T23:39:15.987301Z", "fetched_at": "2025-07-15T23:39:34.144834+00:00", "symbol": "DOGE-USD"}, {"trade_id": 139190964, "side": "buy", "size": "103.80000000", "price": "0.19874000", "time": "2025-07-15T23:39:13.753591Z", "fetched_at": "2025-07-15T23:39:34.144834+00:00", "symbol": "DOGE-USD"}, {"trade_id": 139190963, "side": "buy", "size": "5.60000000", "price": "0.19874000", "time": "2025-07-15T23:39:13.753591Z", "fetched_at": "2025-07-15T23:39:34.144834+00:00", "symbol": "DOGE-USD"}, {"trade_id": 139190962, "side": "buy", "size": "886.00000000", "price": "0.19876000", "time": "2025-07-15T23:39:12.943191Z", "fetched_at": "2025-07-15T23:39:34.144834+00:00", "symbol": "DOGE-USD"}, {"trade_id": 139190961, "side": "sell", "size": "238.80000000", "price": "0.19877000", "time": "2025-07-15T23:39:12.877349Z", "fetched_at": "2025-07-15T23:39:34.144834+00:00", "symbol": "DOGE-USD"}, {"trade_id": 139190960, "side": "buy", "size": "886.00000000", "price": "0.19877000", "time": "2025-07-15T23:39:12.778105Z", "fetched_at": "2025-07-15T23:39:34.144834+00:00", "symbol": "DOGE-USD"}, {"trade_id": 139190959, "side": "sell", "size": "81.10000000", "price": "0.19881000", "time": "2025-07-15T23:39:10.661401Z", "fetched_at": "2025-07-15T23:39:34.144834+00:00", "symbol": "DOGE-USD"}, {"trade_id": 139190958, "side": "sell", "size": "16.70000000", "price": "0.19880000", "time": "2025-07-15T23:39:10.661401Z", "fetched_at": "2025-07-15T23:39:34.144834+00:00", "symbol": "DOGE-USD"}, {"trade_id": 139190957, "side": "sell", "size": "8.10000000", "price": "0.19879000", "time": "2025-07-15T23:39:09.174383Z", "fetched_at": "2025-07-15T23:39:34.144834+00:00", "symbol": "DOGE-USD"}, {"trade_id": 139190956, "side": "sell", "size": "16.40000000", "price": "0.19878000", "time": "2025-07-15T23:39:09.174383Z", "fetched_at": "2025-07-15T23:39:34.144834+00:00", "symbol": "DOGE-USD"}, {"trade_id": 139190955, "side": "sell", "size": "230.70000000", "price": "0.19881000", "time": "2025-07-15T23:39:07.526665Z", "fetched_at": "2025-07-15T23:39:34.144834+00:00", "symbol": "DOGE-USD"}, {"trade_id": 139190954, "side": "sell", "size": "13.90000000", "price": "0.19880000", "time": "2025-07-15T23:39:07.526665Z", "fetched_at": "2025-07-15T23:39:34.144834+00:00", "symbol": "DOGE-USD"}, {"trade_id": 139190953, "side": "sell", "size": "4987.50000000", "price": "0.19881000", "time": "2025-07-15T23:39:06.684414Z", "fetched_at": "2025-07-15T23:39:34.144834+00:00", "symbol": "DOGE-USD"}, {"trade_id": 139190952, "side": "sell", "size": "1574.90000000", "price": "0.19880000", "time": "2025-07-15T23:39:06.684414Z", "fetched_at": "2025-07-15T23:39:34.144834+00:00", "symbol": "DOGE-USD"}, {"trade_id": 139190951, "side": "sell", "size": "18514.30000000", "price": "0.19880000", "time": "2025-07-15T23:39:06.684414Z", "fetched_at": "2025-07-15T23:39:34.144834+00:00", "symbol": "DOGE-USD"}, {"trade_id": 139190950, "side": "sell", "size": "5.60000000", "price": "0.19880000", "time": "2025-07-15T23:39:06.684414Z", "fetched_at": "2025-07-15T23:39:34.144834+00:00", "symbol": "DOGE-USD"}, {"trade_id": 139190949, "side": "sell", "size": "5.60000000", "price": "0.19878000", "time": "2025-07-15T23:39:06.684414Z", "fetched_at": "2025-07-15T23:39:34.144834+00:00", "symbol": "DOGE-USD"}, {"trade_id": 139190948, "side": "sell", "size": "5483.70000000", "price": "0.19877000", "time": "2025-07-15T23:39:06.656714Z", "fetched_at": "2025-07-15T23:39:34.144834+00:00", "symbol": "DOGE-USD"}, {"trade_id": 139190947, "side": "sell", "size": "20.10000000", "price": "0.19876000", "time": "2025-07-15T23:39:06.326337Z", "fetched_at": "2025-07-15T23:39:34.144834+00:00", "symbol": "DOGE-USD"}, {"trade_id": 139190946, "side": "sell", "size": "5.60000000", "price": "0.19876000", "time": "2025-07-15T23:39:06.326337Z", "fetched_at": "2025-07-15T23:39:34.144834+00:00", "symbol": "DOGE-USD"}, {"trade_id": 139190945, "side": "buy", "size": "14.90000000", "price": "0.19875000", "time": "2025-07-15T23:39:05.904425Z", "fetched_at": "2025-07-15T23:39:34.144834+00:00", "symbol": "DOGE-USD"}, {"trade_id": 139190944, "side": "sell", "size": "20.40000000", "price": "0.19874000", "time": "2025-07-15T23:39:05.778605Z", "fetched_at": "2025-07-15T23:39:34.144834+00:00", "symbol": "DOGE-USD"}, {"trade_id": 139190943, "side": "sell", "size": "5.60000000", "price": "0.19874000", "time": "2025-07-15T23:39:05.778605Z", "fetched_at": "2025-07-15T23:39:34.144834+00:00", "symbol": "DOGE-USD"}, {"trade_id": 139190942, "side": "sell", "size": "5.60000000", "price": "0.19872000", "time": "2025-07-15T23:39:05.760213Z", "fetched_at": "2025-07-15T23:39:34.144834+00:00", "symbol": "DOGE-USD"}, {"trade_id": 139190941, "side": "sell", "size": "5.60000000", "price": "0.19870000", "time": "2025-07-15T23:39:05.637649Z", "fetched_at": "2025-07-15T23:39:34.144834+00:00", "symbol": "DOGE-USD"}, {"trade_id": 139190940, "side": "sell", "size": "5.60000000", "price": "0.19868000", "time": "2025-07-15T23:39:05.111076Z", "fetched_at": "2025-07-15T23:39:34.144834+00:00", "symbol": "DOGE-USD"}, {"trade_id": 139190939, "side": "sell", "size": "20.90000000", "price": "0.19867000", "time": "2025-07-15T23:39:05.111076Z", "fetched_at": "2025-07-15T23:39:34.144834+00:00", "symbol": "DOGE-USD"}, {"trade_id": 139190938, "side": "sell", "size": "5.60000000", "price": "0.19866000", "time": "2025-07-15T23:39:05.111076Z", "fetched_at": "2025-07-15T23:39:34.144834+00:00", "symbol": "DOGE-USD"}, {"trade_id": 139190937, "side": "sell", "size": "5.60000000", "price": "0.19864000", "time": "2025-07-15T23:39:05.058256Z", "fetched_at": "2025-07-15T23:39:34.144834+00:00", "symbol": "DOGE-USD"}, {"trade_id": 139190936, "side": "sell", "size": "23.70000000", "price": "0.19861000", "time": "2025-07-15T23:39:03.148506Z", "fetched_at": "2025-07-15T23:39:34.144834+00:00", "symbol": "DOGE-USD"}, {"trade_id": 139190935, "side": "sell", "size": "5.60000000", "price": "0.19862000", "time": "2025-07-15T23:39:00.607818Z", "fetched_at": "2025-07-15T23:39:34.144834+00:00", "symbol": "DOGE-USD"}, {"trade_id": 139190934, "side": "sell", "size": "5.60000000", "price": "0.19860000", "time": "2025-07-15T23:39:00.540669Z", "fetched_at": "2025-07-15T23:39:34.144834+00:00", "symbol": "DOGE-USD"}, {"trade_id": 139190933, "side": "sell", "size": "8298.30000000", "price": "0.19860000", "time": "2025-07-15T23:39:00.540669Z", "fetched_at": "2025-07-15T23:39:34.144834+00:00", "symbol": "DOGE-USD"}, {"trade_id": 139190932, "side": "sell", "size": "4460.00000000", "price": "0.19860000", "time": "2025-07-15T23:39:00.536007Z", "fetched_at": "2025-07-15T23:39:34.144834+00:00", "symbol": "DOGE-USD"}, {"trade_id": 139190931, "side": "sell", "size": "22.30000000", "price": "0.19858000", "time": "2025-07-15T23:39:00.523413Z", "fetched_at": "2025-07-15T23:39:34.144834+00:00", "symbol": "DOGE-USD"}, {"trade_id": 139190930, "side": "sell", "size": "53.00000000", "price": "0.19858000", "time": "2025-07-15T23:39:00.071835Z", "fetched_at": "2025-07-15T23:39:34.144834+00:00", "symbol": "DOGE-USD"}, {"trade_id": 139190929, "side": "sell", "size": "21.50000000", "price": "0.19857000", "time": "2025-07-15T23:39:00.071835Z", "fetched_at": "2025-07-15T23:39:34.144834+00:00", "symbol": "DOGE-USD"}, {"trade_id": 139190928, "side": "buy", "size": "2014.40000000", "price": "0.19854000", "time": "2025-07-15T23:38:58.035653Z", "fetched_at": "2025-07-15T23:39:34.144834+00:00", "symbol": "DOGE-USD"}, {"trade_id": 139190927, "side": "buy", "size": "5.60000000", "price": "0.19854000", "time": "2025-07-15T23:38:58.035653Z", "fetched_at": "2025-07-15T23:39:34.144834+00:00", "symbol": "DOGE-USD"}, {"trade_id": 139190926, "side": "buy", "size": "56.50000000", "price": "0.19855000", "time": "2025-07-15T23:38:58.035653Z", "fetched_at": "2025-07-15T23:39:34.144834+00:00", "symbol": "DOGE-USD"}, {"trade_id": 139190925, "side": "buy", "size": "5.60000000", "price": "0.19858000", "time": "2025-07-15T23:38:57.995878Z", "fetched_at": "2025-07-15T23:39:34.144834+00:00", "symbol": "DOGE-USD"}, {"trade_id": 139190924, "side": "buy", "size": "127.20000000", "price": "0.19860000", "time": "2025-07-15T23:38:56.949222Z", "fetched_at": "2025-07-15T23:39:34.144834+00:00", "symbol": "DOGE-USD"}, {"trade_id": 139190923, "side": "buy", "size": "11.30000000", "price": "0.19862000", "time": "2025-07-15T23:38:56.949222Z", "fetched_at": "2025-07-15T23:39:34.144834+00:00", "symbol": "DOGE-USD"}, {"trade_id": 139190922, "side": "sell", "size": "3.50000000", "price": "0.19861000", "time": "2025-07-15T23:38:52.269696Z", "fetched_at": "2025-07-15T23:39:34.144834+00:00", "symbol": "DOGE-USD"}, {"trade_id": 139190921, "side": "sell", "size": "5.60000000", "price": "0.19860000", "time": "2025-07-15T23:38:51.251329Z", "fetched_at": "2025-07-15T23:39:34.144834+00:00", "symbol": "DOGE-USD"}, {"trade_id": 139190920, "side": "sell", "size": "5.60000000", "price": "0.19856000", "time": "2025-07-15T23:38:50.209917Z", "fetched_at": "2025-07-15T23:39:34.144834+00:00", "symbol": "DOGE-USD"}, {"trade_id": 139190919, "side": "buy", "size": "144.50000000", "price": "0.19855000", "time": "2025-07-15T23:38:50.053868Z", "fetched_at": "2025-07-15T23:39:34.144834+00:00", "symbol": "DOGE-USD"}, {"trade_id": 139190918, "side": "sell", "size": "5.60000000", "price": "0.19854000", "time": "2025-07-15T23:38:49.823332Z", "fetched_at": "2025-07-15T23:39:34.144834+00:00", "symbol": "DOGE-USD"}, {"trade_id": 139190917, "side": "sell", "size": "8.80000000", "price": "0.19853000", "time": "2025-07-15T23:38:49.660761Z", "fetched_at": "2025-07-15T23:39:34.144834+00:00", "symbol": "DOGE-USD"}, {"trade_id": 139190916, "side": "buy", "size": "5.60000000", "price": "0.19852000", "time": "2025-07-15T23:38:45.679581Z", "fetched_at": "2025-07-15T23:39:34.144834+00:00", "symbol": "DOGE-USD"}, {"trade_id": 139190915, "side": "buy", "size": "18368.30000000", "price": "0.19853000", "time": "2025-07-15T23:38:45.270574Z", "fetched_at": "2025-07-15T23:39:34.144834+00:00", "symbol": "DOGE-USD"}, {"trade_id": 139190914, "side": "buy", "size": "5.60000000", "price": "0.19854000", "time": "2025-07-15T23:38:45.270574Z", "fetched_at": "2025-07-15T23:39:34.144834+00:00", "symbol": "DOGE-USD"}, {"trade_id": 139190913, "side": "buy", "size": "5.60000000", "price": "0.19856000", "time": "2025-07-15T23:38:44.964298Z", "fetched_at": "2025-07-15T23:39:34.144834+00:00", "symbol": "DOGE-USD"}, {"trade_id": 139190912, "side": "buy", "size": "5.60000000", "price": "0.19858000", "time": "2025-07-15T23:38:44.772250Z", "fetched_at": "2025-07-15T23:39:34.144834+00:00", "symbol": "DOGE-USD"}, {"trade_id": 139190911, "side": "buy", "size": "5.60000000", "price": "0.19860000", "time": "2025-07-15T23:38:44.309943Z", "fetched_at": "2025-07-15T23:39:34.144834+00:00", "symbol": "DOGE-USD"}, {"trade_id": 139190910, "side": "buy", "size": "5.60000000", "price": "0.19862000", "time": "2025-07-15T23:38:44.266481Z", "fetched_at": "2025-07-15T23:39:34.144834+00:00", "symbol": "DOGE-USD"}, {"trade_id": 139190909, "side": "sell", "size": "177.70000000", "price": "0.19868000", "time": "2025-07-15T23:38:43.129049Z", "fetched_at": "2025-07-15T23:39:34.144834+00:00", "symbol": "DOGE-USD"}, {"trade_id": 139190908, "side": "sell", "size": "959.90000000", "price": "0.19868000", "time": "2025-07-15T23:38:43.129049Z", "fetched_at": "2025-07-15T23:39:34.144834+00:00", "symbol": "DOGE-USD"}, {"trade_id": 139190907, "side": "sell", "size": "1362.40000000", "price": "0.19864000", "time": "2025-07-15T23:38:43.129049Z", "fetched_at": "2025-07-15T23:39:34.144834+00:00", "symbol": "DOGE-USD"}, {"trade_id": 139190906, "side": "buy", "size": "5.60000000", "price": "0.19864000", "time": "2025-07-15T23:38:42.752226Z", "fetched_at": "2025-07-15T23:39:34.144834+00:00", "symbol": "DOGE-USD"}, {"trade_id": 139190905, "side": "buy", "size": "11.30000000", "price": "0.19865000", "time": "2025-07-15T23:38:42.752226Z", "fetched_at": "2025-07-15T23:39:34.144834+00:00", "symbol": "DOGE-USD"}, {"trade_id": 139190904, "side": "buy", "size": "5.60000000", "price": "0.19866000", "time": "2025-07-15T23:38:42.752226Z", "fetched_at": "2025-07-15T23:39:34.144834+00:00", "symbol": "DOGE-USD"}, {"trade_id": 139190903, "side": "buy", "size": "351.00000000", "price": "0.19866000", "time": "2025-07-15T23:38:42.752226Z", "fetched_at": "2025-07-15T23:39:34.144834+00:00", "symbol": "DOGE-USD"}, {"trade_id": 139190902, "side": "buy", "size": "130.70000000", "price": "0.19866000", "time": "2025-07-15T23:38:42.752226Z", "fetched_at": "2025-07-15T23:39:34.144834+00:00", "symbol": "DOGE-USD"}, {"trade_id": 139190901, "side": "buy", "size": "5.60000000", "price": "0.19868000", "time": "2025-07-15T23:38:42.740314Z", "fetched_at": "2025-07-15T23:39:34.144834+00:00", "symbol": "DOGE-USD"}, {"trade_id": 139190900, "side": "sell", "size": "88.00000000", "price": "0.19869000", "time": "2025-07-15T23:38:42.654165Z", "fetched_at": "2025-07-15T23:39:34.144834+00:00", "symbol": "DOGE-USD"}, {"trade_id": 139190899, "side": "buy", "size": "5.60000000", "price": "0.19870000", "time": "2025-07-15T23:38:42.600846Z", "fetched_at": "2025-07-15T23:39:34.144834+00:00", "symbol": "DOGE-USD"}, {"trade_id": 139190898, "side": "sell", "size": "10.00000000", "price": "0.19872000", "time": "2025-07-15T23:38:35.549678Z", "fetched_at": "2025-07-15T23:39:34.144834+00:00", "symbol": "DOGE-USD"}, {"trade_id": 139190897, "side": "sell", "size": "97.80000000", "price": "0.19875000", "time": "2025-07-15T23:38:33.682149Z", "fetched_at": "2025-07-15T23:39:34.144834+00:00", "symbol": "DOGE-USD"}, {"trade_id": 139190896, "side": "sell", "size": "38.70000000", "price": "0.19875000", "time": "2025-07-15T23:38:32.733959Z", "fetched_at": "2025-07-15T23:39:34.144834+00:00", "symbol": "DOGE-USD"}, {"trade_id": 139190895, "side": "sell", "size": "48.90000000", "price": "0.19875000", "time": "2025-07-15T23:38:32.212358Z", "fetched_at": "2025-07-15T23:39:34.144834+00:00", "symbol": "DOGE-USD"}, {"trade_id": 139190894, "side": "sell", "size": "5.60000000", "price": "0.19876000", "time": "2025-07-15T23:38:30.203371Z", "fetched_at": "2025-07-15T23:39:34.144834+00:00", "symbol": "DOGE-USD"}, {"trade_id": 139190893, "side": "sell", "size": "92.90000000", "price": "0.19876000", "time": "2025-07-15T23:38:29.492684Z", "fetched_at": "2025-07-15T23:39:34.144834+00:00", "symbol": "DOGE-USD"}, {"trade_id": 139190892, "side": "sell", "size": "5.60000000", "price": "0.19874000", "time": "2025-07-15T23:38:29.492684Z", "fetched_at": "2025-07-15T23:39:34.144834+00:00", "symbol": "DOGE-USD"}, {"trade_id": 139190891, "side": "sell", "size": "152.00000000", "price": "0.19874000", "time": "2025-07-15T23:38:29.492684Z", "fetched_at": "2025-07-15T23:39:34.144834+00:00", "symbol": "DOGE-USD"}, {"trade_id": 139190890, "side": "sell", "size": "25.10000000", "price": "0.19871000", "time": "2025-07-15T23:38:21.108294Z", "fetched_at": "2025-07-15T23:39:34.144834+00:00", "symbol": "DOGE-USD"}, {"trade_id": 139190889, "side": "sell", "size": "119.30000000", "price": "0.19871000", "time": "2025-07-15T23:38:14.800522Z", "fetched_at": "2025-07-15T23:39:34.144834+00:00", "symbol": "DOGE-USD"}, {"trade_id": 139190888, "side": "sell", "size": "101.40000000", "price": "0.19874000", "time": "2025-07-15T23:38:14.782391Z", "fetched_at": "2025-07-15T23:39:34.144834+00:00", "symbol": "DOGE-USD"}, {"trade_id": 139190887, "side": "sell", "size": "5.50000000", "price": "0.19873000", "time": "2025-07-15T23:38:14.782391Z", "fetched_at": "2025-07-15T23:39:34.144834+00:00", "symbol": "DOGE-USD"}, {"trade_id": 139190886, "side": "sell", "size": "5.60000000", "price": "0.19872000", "time": "2025-07-15T23:38:14.782391Z", "fetched_at": "2025-07-15T23:39:34.144834+00:00", "symbol": "DOGE-USD"}, {"trade_id": 139190885, "side": "buy", "size": "2516.50000000", "price": "0.19868000", "time": "2025-07-15T23:38:14.732287Z", "fetched_at": "2025-07-15T23:39:34.144834+00:00", "symbol": "DOGE-USD"}, {"trade_id": 139190884, "side": "buy", "size": "2000.00000000", "price": "0.19868000", "time": "2025-07-15T23:38:14.732287Z", "fetched_at": "2025-07-15T23:39:34.144834+00:00", "symbol": "DOGE-USD"}, {"trade_id": 139190883, "side": "buy", "size": "5032.90000000", "price": "0.19869000", "time": "2025-07-15T23:38:14.731855Z", "fetched_at": "2025-07-15T23:39:34.144834+00:00", "symbol": "DOGE-USD"}, {"trade_id": 139190882, "side": "buy", "size": "56.50000000", "price": "0.19870000", "time": "2025-07-15T23:38:14.730475Z", "fetched_at": "2025-07-15T23:39:34.144834+00:00", "symbol": "DOGE-USD"}, {"trade_id": 139190881, "side": "buy", "size": "1467.20000000", "price": "0.19871000", "time": "2025-07-15T23:38:14.730163Z", "fetched_at": "2025-07-15T23:39:34.144834+00:00", "symbol": "DOGE-USD"}, {"trade_id": 139190880, "side": "buy", "size": "2169.10000000", "price": "0.19871000", "time": "2025-07-15T23:38:14.730163Z", "fetched_at": "2025-07-15T23:39:34.144834+00:00", "symbol": "DOGE-USD"}, {"trade_id": 139190879, "side": "buy", "size": "1603.20000000", "price": "0.19871000", "time": "2025-07-15T23:38:14.730163Z", "fetched_at": "2025-07-15T23:39:34.144834+00:00", "symbol": "DOGE-USD"}, {"trade_id": 139190878, "side": "sell", "size": "5.60000000", "price": "0.19870000", "time": "2025-07-15T23:38:12.466823Z", "fetched_at": "2025-07-15T23:39:34.144834+00:00", "symbol": "DOGE-USD"}, {"trade_id": 139190877, "side": "sell", "size": "15503.40000000", "price": "0.19870000", "time": "2025-07-15T23:38:12.466823Z", "fetched_at": "2025-07-15T23:39:34.144834+00:00", "symbol": "DOGE-USD"}, {"trade_id": 139190876, "side": "sell", "size": "6.00000000", "price": "0.19869000", "time": "2025-07-15T23:38:12.441412Z", "fetched_at": "2025-07-15T23:39:34.144834+00:00", "symbol": "DOGE-USD"}, {"trade_id": 139190875, "side": "sell", "size": "496.10000000", "price": "0.19870000", "time": "2025-07-15T23:38:09.016140Z", "fetched_at": "2025-07-15T23:39:34.144834+00:00", "symbol": "DOGE-USD"}, {"trade_id": 139190874, "side": "sell", "size": "6.10000000", "price": "0.19869000", "time": "2025-07-15T23:38:09.016140Z", "fetched_at": "2025-07-15T23:39:34.144834+00:00", "symbol": "DOGE-USD"}, {"trade_id": 139190873, "side": "sell", "size": "238.00000000", "price": "0.19870000", "time": "2025-07-15T23:38:07.693916Z", "fetched_at": "2025-07-15T23:39:34.144834+00:00", "symbol": "DOGE-USD"}, {"trade_id": 139190872, "side": "sell", "size": "5.70000000", "price": "0.19868000", "time": "2025-07-15T23:38:07.693916Z", "fetched_at": "2025-07-15T23:39:34.144834+00:00", "symbol": "DOGE-USD"}, {"trade_id": 139190871, "side": "sell", "size": "5.60000000", "price": "0.19868000", "time": "2025-07-15T23:38:07.693916Z", "fetched_at": "2025-07-15T23:39:34.144834+00:00", "symbol": "DOGE-USD"}, {"trade_id": 139190870, "side": "buy", "size": "3489.40000000", "price": "0.19867000", "time": "2025-07-15T23:38:07.224229Z", "fetched_at": "2025-07-15T23:39:34.144834+00:00", "symbol": "DOGE-USD"}, {"trade_id": 139190869, "side": "buy", "size": "1631.30000000", "price": "0.19867000", "time": "2025-07-15T23:38:07.224229Z", "fetched_at": "2025-07-15T23:39:34.144834+00:00", "symbol": "DOGE-USD"}, {"trade_id": 139190868, "side": "buy", "size": "1400.00000000", "price": "0.19867000", "time": "2025-07-15T23:38:07.224229Z", "fetched_at": "2025-07-15T23:39:34.144834+00:00", "symbol": "DOGE-USD"}, {"trade_id": 139190867, "side": "buy", "size": "5.50000000", "price": "0.19866000", "time": "2025-07-15T23:38:06.817948Z", "fetched_at": "2025-07-15T23:39:34.144834+00:00", "symbol": "DOGE-USD"}, {"trade_id": 139190866, "side": "sell", "size": "5.60000000", "price": "0.19866000", "time": "2025-07-15T23:38:02.495474Z", "fetched_at": "2025-07-15T23:39:34.144834+00:00", "symbol": "DOGE-USD"}, {"trade_id": 139190865, "side": "sell", "size": "5.60000000", "price": "0.19864000", "time": "2025-07-15T23:38:01.127837Z", "fetched_at": "2025-07-15T23:39:34.144834+00:00", "symbol": "DOGE-USD"}, {"trade_id": 139190864, "side": "sell", "size": "10.40000000", "price": "0.19863000", "time": "2025-07-15T23:38:00.917420Z", "fetched_at": "2025-07-15T23:39:34.144834+00:00", "symbol": "DOGE-USD"}, {"trade_id": 139190863, "side": "sell", "size": "5.60000000", "price": "0.19862000", "time": "2025-07-15T23:38:00.917420Z", "fetched_at": "2025-07-15T23:39:34.144834+00:00", "symbol": "DOGE-USD"}, {"trade_id": 139190862, "side": "sell", "size": "993.10000000", "price": "0.19862000", "time": "2025-07-15T23:38:00.917420Z", "fetched_at": "2025-07-15T23:39:34.144834+00:00", "symbol": "DOGE-USD"}, {"trade_id": 139190861, "side": "sell", "size": "5.60000000", "price": "0.19860000", "time": "2025-07-15T23:38:00.902512Z", "fetched_at": "2025-07-15T23:39:34.144834+00:00", "symbol": "DOGE-USD"}, {"trade_id": 139190860, "side": "sell", "size": "5.60000000", "price": "0.19858000", "time": "2025-07-15T23:38:00.707424Z", "fetched_at": "2025-07-15T23:39:34.144834+00:00", "symbol": "DOGE-USD"}, {"trade_id": 139190859, "side": "buy", "size": "8283.50000000", "price": "0.19851000", "time": "2025-07-15T23:37:56.121807Z", "fetched_at": "2025-07-15T23:39:34.144834+00:00", "symbol": "DOGE-USD"}, {"trade_id": 139190858, "side": "buy", "size": "1604.40000000", "price": "0.19852000", "time": "2025-07-15T23:37:56.121807Z", "fetched_at": "2025-07-15T23:39:34.144834+00:00", "symbol": "DOGE-USD"}, {"trade_id": 139190857, "side": "buy", "size": "5.60000000", "price": "0.19852000", "time": "2025-07-15T23:37:56.121807Z", "fetched_at": "2025-07-15T23:39:34.144834+00:00", "symbol": "DOGE-USD"}, {"trade_id": 139190856, "side": "buy", "size": "56.50000000", "price": "0.19853000", "time": "2025-07-15T23:37:56.121807Z", "fetched_at": "2025-07-15T23:39:34.144834+00:00", "symbol": "DOGE-USD"}, {"trade_id": 139190855, "side": "buy", "size": "11.30000000", "price": "0.19854000", "time": "2025-07-15T23:37:56.121807Z", "fetched_at": "2025-07-15T23:39:34.144834+00:00", "symbol": "DOGE-USD"}, {"trade_id": 139190854, "side": "sell", "size": "24.50000000", "price": "0.19855000", "time": "2025-07-15T23:37:54.598690Z", "fetched_at": "2025-07-15T23:39:34.144834+00:00", "symbol": "DOGE-USD"}, {"trade_id": 139190853, "side": "sell", "size": "4059.70000000", "price": "0.19857000", "time": "2025-07-15T23:37:53.627960Z", "fetched_at": "2025-07-15T23:39:34.144834+00:00", "symbol": "DOGE-USD"}, {"trade_id": 139190852, "side": "sell", "size": "1818.50000000", "price": "0.19857000", "time": "2025-07-15T23:37:53.627960Z", "fetched_at": "2025-07-15T23:39:34.144834+00:00", "symbol": "DOGE-USD"}, {"trade_id": 139190851, "side": "sell", "size": "1285.20000000", "price": "0.19857000", "time": "2025-07-15T23:37:53.627960Z", "fetched_at": "2025-07-15T23:39:34.144834+00:00", "symbol": "DOGE-USD"}, {"trade_id": 139190850, "side": "sell", "size": "8.50000000", "price": "0.19856000", "time": "2025-07-15T23:37:53.627960Z", "fetched_at": "2025-07-15T23:39:34.144834+00:00", "symbol": "DOGE-USD"}, {"trade_id": 139190849, "side": "sell", "size": "653.80000000", "price": "0.19855000", "time": "2025-07-15T23:37:53.627960Z", "fetched_at": "2025-07-15T23:39:34.144834+00:00", "symbol": "DOGE-USD"}, {"trade_id": 139190848, "side": "sell", "size": "1591.60000000", "price": "0.19855000", "time": "2025-07-15T23:37:53.627960Z", "fetched_at": "2025-07-15T23:39:34.144834+00:00", "symbol": "DOGE-USD"}, {"trade_id": 139190847, "side": "sell", "size": "1560.50000000", "price": "0.19855000", "time": "2025-07-15T23:37:53.627960Z", "fetched_at": "2025-07-15T23:39:34.144834+00:00", "symbol": "DOGE-USD"}, {"trade_id": 139190846, "side": "sell", "size": "81.20000000", "price": "0.19855000", "time": "2025-07-15T23:37:53.417740Z", "fetched_at": "2025-07-15T23:39:34.144834+00:00", "symbol": "DOGE-USD"}, {"trade_id": 139190845, "side": "sell", "size": "5.60000000", "price": "0.19856000", "time": "2025-07-15T23:37:47.188237Z", "fetched_at": "2025-07-15T23:39:34.144834+00:00", "symbol": "DOGE-USD"}, {"trade_id": 139190844, "side": "sell", "size": "32.00000000", "price": "0.19852000", "time": "2025-07-15T23:37:39.746899Z", "fetched_at": "2025-07-15T23:39:34.144834+00:00", "symbol": "DOGE-USD"}, {"trade_id": 139190843, "side": "sell", "size": "326.20000000", "price": "0.19851000", "time": "2025-07-15T23:37:39.746899Z", "fetched_at": "2025-07-15T23:39:34.144834+00:00", "symbol": "DOGE-USD"}, {"trade_id": 139190842, "side": "buy", "size": "5.60000000", "price": "0.19852000", "time": "2025-07-15T23:37:38.979031Z", "fetched_at": "2025-07-15T23:39:34.144834+00:00", "symbol": "DOGE-USD"}, {"trade_id": 139190841, "side": "buy", "size": "5.60000000", "price": "0.19854000", "time": "2025-07-15T23:37:38.948430Z", "fetched_at": "2025-07-15T23:39:34.144834+00:00", "symbol": "DOGE-USD"}, {"trade_id": 139190840, "side": "buy", "size": "5.60000000", "price": "0.19856000", "time": "2025-07-15T23:37:36.779810Z", "fetched_at": "2025-07-15T23:39:34.144834+00:00", "symbol": "DOGE-USD"}, {"trade_id": 139190839, "side": "sell", "size": "1593.00000000", "price": "0.19857000", "time": "2025-07-15T23:37:35.848199Z", "fetched_at": "2025-07-15T23:39:34.144834+00:00", "symbol": "DOGE-USD"}, {"trade_id": 139190838, "side": "buy", "size": "7500.00000000", "price": "0.19861000", "time": "2025-07-15T23:37:34.355331Z", "fetched_at": "2025-07-15T23:39:34.144834+00:00", "symbol": "DOGE-USD"}, {"trade_id": 139190837, "side": "buy", "size": "6.90000000", "price": "0.19862000", "time": "2025-07-15T23:37:31.580435Z", "fetched_at": "2025-07-15T23:39:34.144834+00:00", "symbol": "DOGE-USD"}, {"trade_id": 139190836, "side": "sell", "size": "5.60000000", "price": "0.19864000", "time": "2025-07-15T23:37:30.000872Z", "fetched_at": "2025-07-15T23:39:34.144834+00:00", "symbol": "DOGE-USD"}, {"trade_id": 139190835, "side": "sell", "size": "24.80000000", "price": "0.19863000", "time": "2025-07-15T23:37:28.630589Z", "fetched_at": "2025-07-15T23:39:34.144834+00:00", "symbol": "DOGE-USD"}, {"trade_id": 139190834, "side": "sell", "size": "23.90000000", "price": "0.19862000", "time": "2025-07-15T23:37:26.795306Z", "fetched_at": "2025-07-15T23:39:34.144834+00:00", "symbol": "DOGE-USD"}, {"trade_id": 139190833, "side": "sell", "size": "233.30000000", "price": "0.19862000", "time": "2025-07-15T23:37:21.930750Z", "fetched_at": "2025-07-15T23:39:34.144834+00:00", "symbol": "DOGE-USD"}, {"trade_id": 139190832, "side": "sell", "size": "5.60000000", "price": "0.19862000", "time": "2025-07-15T23:37:21.930750Z", "fetched_at": "2025-07-15T23:39:34.144834+00:00", "symbol": "DOGE-USD"}, {"trade_id": 139190831, "side": "sell", "size": "5.60000000", "price": "0.19860000", "time": "2025-07-15T23:37:21.229817Z", "fetched_at": "2025-07-15T23:39:34.144834+00:00", "symbol": "DOGE-USD"}, {"trade_id": 139190830, "side": "sell", "size": "5.60000000", "price": "0.19858000", "time": "2025-07-15T23:37:18.407747Z", "fetched_at": "2025-07-15T23:39:34.144834+00:00", "symbol": "DOGE-USD"}, {"trade_id": 139190829, "side": "sell", "size": "5.60000000", "price": "0.19856000", "time": "2025-07-15T23:37:18.039903Z", "fetched_at": "2025-07-15T23:39:34.144834+00:00", "symbol": "DOGE-USD"}, {"trade_id": 139190828, "side": "buy", "size": "2000.00000000", "price": "0.19851000", "time": "2025-07-15T23:37:09.830499Z", "fetched_at": "2025-07-15T23:39:34.144834+00:00", "symbol": "DOGE-USD"}, {"trade_id": 139190827, "side": "buy", "size": "22.70000000", "price": "0.19853000", "time": "2025-07-15T23:37:07.483862Z", "fetched_at": "2025-07-15T23:39:34.144834+00:00", "symbol": "DOGE-USD"}, {"trade_id": 139190826, "side": "sell", "size": "952.90000000", "price": "0.19856000", "time": "2025-07-15T23:37:06.781793Z", "fetched_at": "2025-07-15T23:39:34.144834+00:00", "symbol": "DOGE-USD"}, {"trade_id": 139190825, "side": "sell", "size": "5.60000000", "price": "0.19856000", "time": "2025-07-15T23:37:06.781793Z", "fetched_at": "2025-07-15T23:39:34.144834+00:00", "symbol": "DOGE-USD"}, {"trade_id": 139190824, "side": "sell", "size": "38.30000000", "price": "0.19855000", "time": "2025-07-15T23:37:06.781793Z", "fetched_at": "2025-07-15T23:39:34.144834+00:00", "symbol": "DOGE-USD"}, {"trade_id": 139190823, "side": "buy", "size": "971.10000000", "price": "0.19850000", "time": "2025-07-15T23:37:05.599501Z", "fetched_at": "2025-07-15T23:39:34.144834+00:00", "symbol": "DOGE-USD"}, {"trade_id": 139190822, "side": "buy", "size": "5.60000000", "price": "0.19850000", "time": "2025-07-15T23:37:05.599501Z", "fetched_at": "2025-07-15T23:39:34.144834+00:00", "symbol": "DOGE-USD"}, {"trade_id": 139190821, "side": "buy", "size": "56.50000000", "price": "0.19851000", "time": "2025-07-15T23:37:05.599501Z", "fetched_at": "2025-07-15T23:39:34.144834+00:00", "symbol": "DOGE-USD"}, {"trade_id": 139190820, "side": "buy", "size": "411.30000000", "price": "0.19851000", "time": "2025-07-15T23:37:05.599501Z", "fetched_at": "2025-07-15T23:39:34.144834+00:00", "symbol": "DOGE-USD"}, {"trade_id": 139190819, "side": "buy", "size": "433.80000000", "price": "0.19854000", "time": "2025-07-15T23:37:05.599501Z", "fetched_at": "2025-07-15T23:39:34.144834+00:00", "symbol": "DOGE-USD"}, {"trade_id": 139190818, "side": "sell", "size": "498.50000000", "price": "0.19855000", "time": "2025-07-15T23:37:05.399813Z", "fetched_at": "2025-07-15T23:39:34.144834+00:00", "symbol": "DOGE-USD"}, {"trade_id": 139190817, "side": "sell", "size": "99.00000000", "price": "0.19855000", "time": "2025-07-15T23:36:57.582860Z", "fetched_at": "2025-07-15T23:39:34.144834+00:00", "symbol": "DOGE-USD"}, {"trade_id": 139190816, "side": "sell", "size": "27.90000000", "price": "0.19854000", "time": "2025-07-15T23:36:57.582860Z", "fetched_at": "2025-07-15T23:39:34.144834+00:00", "symbol": "DOGE-USD"}, {"trade_id": 139190815, "side": "buy", "size": "4851.20000000", "price": "0.19851000", "time": "2025-07-15T23:36:56.306203Z", "fetched_at": "2025-07-15T23:39:34.144834+00:00", "symbol": "DOGE-USD"}, {"trade_id": 139190814, "side": "buy", "size": "12.40000000", "price": "0.19852000", "time": "2025-07-15T23:36:56.306203Z", "fetched_at": "2025-07-15T23:39:34.144834+00:00", "symbol": "DOGE-USD"}, {"trade_id": 139190813, "side": "buy", "size": "5.60000000", "price": "0.19852000", "time": "2025-07-15T23:36:56.306203Z", "fetched_at": "2025-07-15T23:39:34.144834+00:00", "symbol": "DOGE-USD"}, {"trade_id": 139190812, "side": "buy", "size": "2000.00000000", "price": "0.19853000", "time": "2025-07-15T23:36:55.018054Z", "fetched_at": "2025-07-15T23:39:34.144834+00:00", "symbol": "DOGE-USD"}, {"trade_id": 139190811, "side": "buy", "size": "5.60000000", "price": "0.19854000", "time": "2025-07-15T23:36:53.903348Z", "fetched_at": "2025-07-15T23:39:34.144834+00:00", "symbol": "DOGE-USD"}, {"trade_id": 139190810, "side": "buy", "size": "5.60000000", "price": "0.19856000", "time": "2025-07-15T23:36:52.468867Z", "fetched_at": "2025-07-15T23:39:34.144834+00:00", "symbol": "DOGE-USD"}, {"trade_id": 139190809, "side": "buy", "size": "2000.00000000", "price": "0.19858000", "time": "2025-07-15T23:36:52.390486Z", "fetched_at": "2025-07-15T23:39:34.144834+00:00", "symbol": "DOGE-USD"}, {"trade_id": 139190808, "side": "buy", "size": "5.60000000", "price": "0.19858000", "time": "2025-07-15T23:36:52.390486Z", "fetched_at": "2025-07-15T23:39:34.144834+00:00", "symbol": "DOGE-USD"}, {"trade_id": 139190807, "side": "buy", "size": "2000.00000000", "price": "0.19862000", "time": "2025-07-15T23:36:47.805271Z", "fetched_at": "2025-07-15T23:39:34.144834+00:00", "symbol": "DOGE-USD"}, {"trade_id": 139190806, "side": "buy", "size": "56.50000000", "price": "0.19866000", "time": "2025-07-15T23:36:42.542415Z", "fetched_at": "2025-07-15T23:39:34.144834+00:00", "symbol": "DOGE-USD"}, {"trade_id": 139190805, "side": "sell", "size": "28.50000000", "price": "0.19869000", "time": "2025-07-15T23:36:42.205510Z", "fetched_at": "2025-07-15T23:39:34.144834+00:00", "symbol": "DOGE-USD"}, {"trade_id": 139190804, "side": "sell", "size": "2190.30000000", "price": "0.19868000", "time": "2025-07-15T23:36:42.165184Z", "fetched_at": "2025-07-15T23:39:34.144834+00:00", "symbol": "DOGE-USD"}, {"trade_id": 139190803, "side": "sell", "size": "2961.50000000", "price": "0.19868000", "time": "2025-07-15T23:36:42.165184Z", "fetched_at": "2025-07-15T23:39:34.144834+00:00", "symbol": "DOGE-USD"}, {"trade_id": 139190802, "side": "sell", "size": "5.60000000", "price": "0.19868000", "time": "2025-07-15T23:36:42.165184Z", "fetched_at": "2025-07-15T23:39:34.144834+00:00", "symbol": "DOGE-USD"}, {"trade_id": 139190801, "side": "sell", "size": "5.60000000", "price": "0.19866000", "time": "2025-07-15T23:36:42.121248Z", "fetched_at": "2025-07-15T23:39:34.144834+00:00", "symbol": "DOGE-USD"}, {"trade_id": 139190800, "side": "sell", "size": "5.60000000", "price": "0.19864000", "time": "2025-07-15T23:36:42.019045Z", "fetched_at": "2025-07-15T23:39:34.144834+00:00", "symbol": "DOGE-USD"}, {"trade_id": 139190799, "side": "sell", "size": "5.60000000", "price": "0.19862000", "time": "2025-07-15T23:36:41.376424Z", "fetched_at": "2025-07-15T23:39:34.144834+00:00", "symbol": "DOGE-USD"}, {"trade_id": 139190798, "side": "sell", "size": "10101.90000000", "price": "0.19860000", "time": "2025-07-15T23:36:40.273617Z", "fetched_at": "2025-07-15T23:39:34.144834+00:00", "symbol": "DOGE-USD"}, {"trade_id": 139190797, "side": "sell", "size": "1653.60000000", "price": "0.19860000", "time": "2025-07-15T23:36:40.273617Z", "fetched_at": "2025-07-15T23:39:34.144834+00:00", "symbol": "DOGE-USD"}, {"trade_id": 139190796, "side": "sell", "size": "5.60000000", "price": "0.19860000", "time": "2025-07-15T23:36:40.273617Z", "fetched_at": "2025-07-15T23:39:34.144834+00:00", "symbol": "DOGE-USD"}, {"trade_id": 139190795, "side": "sell", "size": "1593.00000000", "price": "0.19860000", "time": "2025-07-15T23:36:40.273617Z", "fetched_at": "2025-07-15T23:39:34.144834+00:00", "symbol": "DOGE-USD"}, {"trade_id": 139190794, "side": "sell", "size": "5.60000000", "price": "0.19858000", "time": "2025-07-15T23:36:40.273617Z", "fetched_at": "2025-07-15T23:39:34.144834+00:00", "symbol": "DOGE-USD"}, {"trade_id": 139190793, "side": "sell", "size": "29.80000000", "price": "0.19856000", "time": "2025-07-15T23:36:40.273617Z", "fetched_at": "2025-07-15T23:39:34.144834+00:00", "symbol": "DOGE-USD"}, {"trade_id": 139190792, "side": "sell", "size": "5.60000000", "price": "0.19856000", "time": "2025-07-15T23:36:40.273617Z", "fetched_at": "2025-07-15T23:39:34.144834+00:00", "symbol": "DOGE-USD"}, {"trade_id": 139190791, "side": "sell", "size": "5.60000000", "price": "0.19854000", "time": "2025-07-15T23:36:40.273617Z", "fetched_at": "2025-07-15T23:39:34.144834+00:00", "symbol": "DOGE-USD"}, {"trade_id": 139190790, "side": "sell", "size": "1640.70000000", "price": "0.19851000", "time": "2025-07-15T23:36:40.230650Z", "fetched_at": "2025-07-15T23:39:34.144834+00:00", "symbol": "DOGE-USD"}, {"trade_id": 139190789, "side": "sell", "size": "653.80000000", "price": "0.19851000", "time": "2025-07-15T23:36:40.230650Z", "fetched_at": "2025-07-15T23:39:34.144834+00:00", "symbol": "DOGE-USD"}, {"trade_id": 139190788, "side": "sell", "size": "1236.70000000", "price": "0.19851000", "time": "2025-07-15T23:36:40.230650Z", "fetched_at": "2025-07-15T23:39:34.144834+00:00", "symbol": "DOGE-USD"}, {"trade_id": 139190787, "side": "sell", "size": "236.10000000", "price": "0.19851000", "time": "2025-07-15T23:36:40.230650Z", "fetched_at": "2025-07-15T23:39:34.144834+00:00", "symbol": "DOGE-USD"}, {"trade_id": 139190786, "side": "sell", "size": "1337.20000000", "price": "0.19851000", "time": "2025-07-15T23:36:40.229431Z", "fetched_at": "2025-07-15T23:39:34.144834+00:00", "symbol": "DOGE-USD"}, {"trade_id": 139190785, "side": "sell", "size": "662.80000000", "price": "0.19851000", "time": "2025-07-15T23:36:40.229431Z", "fetched_at": "2025-07-15T23:39:34.144834+00:00", "symbol": "DOGE-USD"}, {"trade_id": 139190784, "side": "sell", "size": "5.60000000", "price": "0.19852000", "time": "2025-07-15T23:36:39.657097Z", "fetched_at": "2025-07-15T23:39:34.144834+00:00", "symbol": "DOGE-USD"}, {"trade_id": 139190783, "side": "sell", "size": "5.60000000", "price": "0.19850000", "time": "2025-07-15T23:36:39.122814Z", "fetched_at": "2025-07-15T23:39:34.144834+00:00", "symbol": "DOGE-USD"}, {"trade_id": 139190782, "side": "sell", "size": "5.60000000", "price": "0.19848000", "time": "2025-07-15T23:36:36.909626Z", "fetched_at": "2025-07-15T23:39:34.144834+00:00", "symbol": "DOGE-USD"}, {"trade_id": 139190781, "side": "sell", "size": "5.60000000", "price": "0.19846000", "time": "2025-07-15T23:36:36.845296Z", "fetched_at": "2025-07-15T23:39:34.144834+00:00", "symbol": "DOGE-USD"}, {"trade_id": 139190780, "side": "sell", "size": "77.80000000", "price": "0.19846000", "time": "2025-07-15T23:36:36.845296Z", "fetched_at": "2025-07-15T23:39:34.144834+00:00", "symbol": "DOGE-USD"}, {"trade_id": 139190779, "side": "buy", "size": "56.40000000", "price": "0.19839000", "time": "2025-07-15T23:36:31.204092Z", "fetched_at": "2025-07-15T23:39:34.144834+00:00", "symbol": "DOGE-USD"}, {"trade_id": 139190778, "side": "buy", "size": "80.20000000", "price": "0.19840000", "time": "2025-07-15T23:36:31.204092Z", "fetched_at": "2025-07-15T23:39:34.144834+00:00", "symbol": "DOGE-USD"}, {"trade_id": 139190777, "side": "buy", "size": "1593.00000000", "price": "0.19842000", "time": "2025-07-15T23:36:31.204092Z", "fetched_at": "2025-07-15T23:39:34.144834+00:00", "symbol": "DOGE-USD"}, {"trade_id": 139190776, "side": "sell", "size": "372.70000000", "price": "0.19845000", "time": "2025-07-15T23:36:30.820492Z", "fetched_at": "2025-07-15T23:39:34.144834+00:00", "symbol": "DOGE-USD"}, {"trade_id": 139190775, "side": "sell", "size": "88.00000000", "price": "0.19845000", "time": "2025-07-15T23:36:30.820492Z", "fetched_at": "2025-07-15T23:39:34.144834+00:00", "symbol": "DOGE-USD"}, {"trade_id": 139190774, "side": "sell", "size": "32.20000000", "price": "0.19844000", "time": "2025-07-15T23:36:30.820492Z", "fetched_at": "2025-07-15T23:39:34.144834+00:00", "symbol": "DOGE-USD"}, {"trade_id": 139190773, "side": "sell", "size": "5.60000000", "price": "0.19844000", "time": "2025-07-15T23:36:30.820492Z", "fetched_at": "2025-07-15T23:39:34.144834+00:00", "symbol": "DOGE-USD"}, {"trade_id": 139190772, "side": "sell", "size": "158.30000000", "price": "0.19844000", "time": "2025-07-15T23:36:30.820492Z", "fetched_at": "2025-07-15T23:39:34.144834+00:00", "symbol": "DOGE-USD"}, {"trade_id": 139190771, "side": "sell", "size": "78.00000000", "price": "0.19843000", "time": "2025-07-15T23:36:30.820492Z", "fetched_at": "2025-07-15T23:39:34.144834+00:00", "symbol": "DOGE-USD"}, {"trade_id": 139190770, "side": "sell", "size": "5.60000000", "price": "0.19842000", "time": "2025-07-15T23:36:30.110298Z", "fetched_at": "2025-07-15T23:39:34.144834+00:00", "symbol": "DOGE-USD"}, {"trade_id": 139190769, "side": "sell", "size": "435.60000000", "price": "0.19842000", "time": "2025-07-15T23:36:30.110298Z", "fetched_at": "2025-07-15T23:39:34.144834+00:00", "symbol": "DOGE-USD"}, {"trade_id": 139190768, "side": "sell", "size": "42.40000000", "price": "0.19841000", "time": "2025-07-15T23:36:30.098897Z", "fetched_at": "2025-07-15T23:39:34.144834+00:00", "symbol": "DOGE-USD"}, {"trade_id": 139190767, "side": "sell", "size": "5.60000000", "price": "0.19840000", "time": "2025-07-15T23:36:29.914986Z", "fetched_at": "2025-07-15T23:39:34.144834+00:00", "symbol": "DOGE-USD"}, {"trade_id": 139190766, "side": "sell", "size": "118.10000000", "price": "0.19840000", "time": "2025-07-15T23:36:29.914986Z", "fetched_at": "2025-07-15T23:39:34.144834+00:00", "symbol": "DOGE-USD"}, {"trade_id": 139190765, "side": "sell", "size": "204.00000000", "price": "0.19839000", "time": "2025-07-15T23:36:29.638287Z", "fetched_at": "2025-07-15T23:39:34.144834+00:00", "symbol": "DOGE-USD"}, {"trade_id": 139190764, "side": "sell", "size": "5.60000000", "price": "0.19838000", "time": "2025-07-15T23:36:28.983678Z", "fetched_at": "2025-07-15T23:39:34.144834+00:00", "symbol": "DOGE-USD"}, {"trade_id": 139190763, "side": "sell", "size": "128.10000000", "price": "0.19838000", "time": "2025-07-15T23:36:28.983678Z", "fetched_at": "2025-07-15T23:39:34.144834+00:00", "symbol": "DOGE-USD"}, {"trade_id": 139190762, "side": "sell", "size": "108.20000000", "price": "0.19837000", "time": "2025-07-15T23:36:27.310086Z", "fetched_at": "2025-07-15T23:39:34.144834+00:00", "symbol": "DOGE-USD"}, {"trade_id": 139190761, "side": "sell", "size": "32.30000000", "price": "0.19836000", "time": "2025-07-15T23:36:27.165852Z", "fetched_at": "2025-07-15T23:39:34.144834+00:00", "symbol": "DOGE-USD"}, {"trade_id": 139190760, "side": "sell", "size": "188.80000000", "price": "0.19836000", "time": "2025-07-15T23:36:27.165852Z", "fetched_at": "2025-07-15T23:39:34.144834+00:00", "symbol": "DOGE-USD"}, {"trade_id": 139190759, "side": "sell", "size": "5.60000000", "price": "0.19836000", "time": "2025-07-15T23:36:27.165852Z", "fetched_at": "2025-07-15T23:39:34.144834+00:00", "symbol": "DOGE-USD"}, {"trade_id": 139190758, "side": "sell", "size": "123.30000000", "price": "0.19835000", "time": "2025-07-15T23:36:27.154398Z", "fetched_at": "2025-07-15T23:39:34.144834+00:00", "symbol": "DOGE-USD"}, {"trade_id": 139190757, "side": "sell", "size": "5.60000000", "price": "0.19834000", "time": "2025-07-15T23:36:26.130963Z", "fetched_at": "2025-07-15T23:39:34.144834+00:00", "symbol": "DOGE-USD"}, {"trade_id": 139190756, "side": "sell", "size": "27.60000000", "price": "0.19834000", "time": "2025-07-15T23:36:26.130963Z", "fetched_at": "2025-07-15T23:39:34.144834+00:00", "symbol": "DOGE-USD"}, {"trade_id": 139190755, "side": "sell", "size": "37.70000000", "price": "0.19833000", "time": "2025-07-15T23:36:26.028843Z", "fetched_at": "2025-07-15T23:39:34.144834+00:00", "symbol": "DOGE-USD"}, {"trade_id": 139190754, "side": "buy", "size": "2333.00000000", "price": "0.19828000", "time": "2025-07-15T23:36:25.345559Z", "fetched_at": "2025-07-15T23:39:34.144834+00:00", "symbol": "DOGE-USD"}, {"trade_id": 139190753, "side": "buy", "size": "1803.70000000", "price": "0.19829000", "time": "2025-07-15T23:36:25.345559Z", "fetched_at": "2025-07-15T23:39:34.144834+00:00", "symbol": "DOGE-USD"}, {"trade_id": 139190752, "side": "buy", "size": "1339.10000000", "price": "0.19829000", "time": "2025-07-15T23:36:25.345559Z", "fetched_at": "2025-07-15T23:39:34.144834+00:00", "symbol": "DOGE-USD"}, {"trade_id": 139190751, "side": "buy", "size": "6893.60000000", "price": "0.19829000", "time": "2025-07-15T23:36:25.345559Z", "fetched_at": "2025-07-15T23:39:34.144834+00:00", "symbol": "DOGE-USD"}, {"trade_id": 139190750, "side": "buy", "size": "1593.00000000", "price": "0.19829000", "time": "2025-07-15T23:36:25.345559Z", "fetched_at": "2025-07-15T23:39:34.144834+00:00", "symbol": "DOGE-USD"}, {"trade_id": 139190749, "side": "buy", "size": "56.60000000", "price": "0.19830000", "time": "2025-07-15T23:36:25.345559Z", "fetched_at": "2025-07-15T23:39:34.144834+00:00", "symbol": "DOGE-USD"}, {"trade_id": 139190748, "side": "buy", "size": "5042.60000000", "price": "0.19831000", "time": "2025-07-15T23:36:25.345559Z", "fetched_at": "2025-07-15T23:39:34.144834+00:00", "symbol": "DOGE-USD"}, {"trade_id": 139190747, "side": "buy", "size": "304.00000000", "price": "0.19831000", "time": "2025-07-15T23:36:25.345559Z", "fetched_at": "2025-07-15T23:39:34.144834+00:00", "symbol": "DOGE-USD"}, {"trade_id": 139190746, "side": "buy", "size": "129.40000000", "price": "0.19831000", "time": "2025-07-15T23:36:25.345559Z", "fetched_at": "2025-07-15T23:39:34.144834+00:00", "symbol": "DOGE-USD"}, {"trade_id": 139190745, "side": "buy", "size": "1453.00000000", "price": "0.19832000", "time": "2025-07-15T23:36:25.345559Z", "fetched_at": "2025-07-15T23:39:34.144834+00:00", "symbol": "DOGE-USD"}, {"trade_id": 139190744, "side": "buy", "size": "1369.30000000", "price": "0.19832000", "time": "2025-07-15T23:36:25.345559Z", "fetched_at": "2025-07-15T23:39:34.144834+00:00", "symbol": "DOGE-USD"}, {"trade_id": 139190743, "side": "buy", "size": "481.40000000", "price": "0.19832000", "time": "2025-07-15T23:36:25.345559Z", "fetched_at": "2025-07-15T23:39:34.144834+00:00", "symbol": "DOGE-USD"}, {"trade_id": 139190742, "side": "buy", "size": "653.80000000", "price": "0.19832000", "time": "2025-07-15T23:36:25.345559Z", "fetched_at": "2025-07-15T23:39:34.144834+00:00", "symbol": "DOGE-USD"}, {"trade_id": 139190741, "side": "buy", "size": "1593.00000000", "price": "0.19832000", "time": "2025-07-15T23:36:25.345559Z", "fetched_at": "2025-07-15T23:39:34.144834+00:00", "symbol": "DOGE-USD"}, {"trade_id": 139190740, "side": "buy", "size": "160.30000000", "price": "0.19832000", "time": "2025-07-15T23:36:25.345559Z", "fetched_at": "2025-07-15T23:39:34.144834+00:00", "symbol": "DOGE-USD"}, {"trade_id": 139190739, "side": "sell", "size": "12.50000000", "price": "0.19832000", "time": "2025-07-15T23:36:25.112294Z", "fetched_at": "2025-07-15T23:39:34.144834+00:00", "symbol": "DOGE-USD"}, {"trade_id": 139190738, "side": "sell", "size": "5.60000000", "price": "0.19832000", "time": "2025-07-15T23:36:25.112294Z", "fetched_at": "2025-07-15T23:39:34.144834+00:00", "symbol": "DOGE-USD"}, {"trade_id": 139190737, "side": "buy", "size": "1.30000000", "price": "0.19831000", "time": "2025-07-15T23:36:21.353520Z", "fetched_at": "2025-07-15T23:39:34.144834+00:00", "symbol": "DOGE-USD"}, {"trade_id": 139190736, "side": "sell", "size": "62.80000000", "price": "0.19831000", "time": "2025-07-15T23:36:20.140587Z", "fetched_at": "2025-07-15T23:39:34.144834+00:00", "symbol": "DOGE-USD"}, {"trade_id": 139190735, "side": "sell", "size": "5.60000000", "price": "0.19830000", "time": "2025-07-15T23:36:20.134083Z", "fetched_at": "2025-07-15T23:39:34.144834+00:00", "symbol": "DOGE-USD"}, {"trade_id": 139190734, "side": "buy", "size": "3951.70000000", "price": "0.19828000", "time": "2025-07-15T23:36:15.758983Z", "fetched_at": "2025-07-15T23:39:34.144834+00:00", "symbol": "DOGE-USD"}, {"trade_id": 139190733, "side": "buy", "size": "8.40000000", "price": "0.19829000", "time": "2025-07-15T23:36:15.758983Z", "fetched_at": "2025-07-15T23:39:34.144834+00:00", "symbol": "DOGE-USD"}, {"trade_id": 139190732, "side": "sell", "size": "5.60000000", "price": "0.19830000", "time": "2025-07-15T23:36:12.454949Z", "fetched_at": "2025-07-15T23:39:34.144834+00:00", "symbol": "DOGE-USD"}, {"trade_id": 139190731, "side": "sell", "size": "77.80000000", "price": "0.19830000", "time": "2025-07-15T23:36:12.454949Z", "fetched_at": "2025-07-15T23:39:34.144834+00:00", "symbol": "DOGE-USD"}, {"trade_id": 139190730, "side": "sell", "size": "78.10000000", "price": "0.19829000", "time": "2025-07-15T23:36:12.443710Z", "fetched_at": "2025-07-15T23:39:34.144834+00:00", "symbol": "DOGE-USD"}, {"trade_id": 139190729, "side": "sell", "size": "93.00000000", "price": "0.19828000", "time": "2025-07-15T23:36:12.421884Z", "fetched_at": "2025-07-15T23:39:34.144834+00:00", "symbol": "DOGE-USD"}, {"trade_id": 139190728, "side": "sell", "size": "5.60000000", "price": "0.19828000", "time": "2025-07-15T23:36:12.421884Z", "fetched_at": "2025-07-15T23:39:34.144834+00:00", "symbol": "DOGE-USD"}, {"trade_id": 139190727, "side": "sell", "size": "5.60000000", "price": "0.19826000", "time": "2025-07-15T23:36:12.332410Z", "fetched_at": "2025-07-15T23:39:34.144834+00:00", "symbol": "DOGE-USD"}, {"trade_id": 139190726, "side": "sell", "size": "74.90000000", "price": "0.19824000", "time": "2025-07-15T23:36:11.823284Z", "fetched_at": "2025-07-15T23:39:34.144834+00:00", "symbol": "DOGE-USD"}, {"trade_id": 139190725, "side": "buy", "size": "1308.80000000", "price": "0.19821000", "time": "2025-07-15T23:36:09.806758Z", "fetched_at": "2025-07-15T23:39:34.144834+00:00", "symbol": "DOGE-USD"}, {"trade_id": 139190724, "side": "buy", "size": "2169.10000000", "price": "0.19821000", "time": "2025-07-15T23:36:09.806758Z", "fetched_at": "2025-07-15T23:39:34.144834+00:00", "symbol": "DOGE-USD"}, {"trade_id": 139190723, "side": "buy", "size": "1474.10000000", "price": "0.19822000", "time": "2025-07-15T23:36:09.806758Z", "fetched_at": "2025-07-15T23:39:34.144834+00:00", "symbol": "DOGE-USD"}, {"trade_id": 139190722, "side": "buy", "size": "37.20000000", "price": "0.19822000", "time": "2025-07-15T23:36:09.806758Z", "fetched_at": "2025-07-15T23:39:34.144834+00:00", "symbol": "DOGE-USD"}, {"trade_id": 139190721, "side": "sell", "size": "839.60000000", "price": "0.19824000", "time": "2025-07-15T23:36:09.077649Z", "fetched_at": "2025-07-15T23:39:34.144834+00:00", "symbol": "DOGE-USD"}, {"trade_id": 139190720, "side": "buy", "size": "14633.60000000", "price": "0.19824000", "time": "2025-07-15T23:36:07.564058Z", "fetched_at": "2025-07-15T23:39:34.144834+00:00", "symbol": "DOGE-USD"}, {"trade_id": 139190719, "side": "sell", "size": "73.00000000", "price": "0.19827000", "time": "2025-07-15T23:36:05.406804Z", "fetched_at": "2025-07-15T23:39:34.144834+00:00", "symbol": "DOGE-USD"}, {"trade_id": 139190718, "side": "sell", "size": "5.60000000", "price": "0.19826000", "time": "2025-07-15T23:36:05.352968Z", "fetched_at": "2025-07-15T23:39:34.144834+00:00", "symbol": "DOGE-USD"}, {"trade_id": 139190717, "side": "sell", "size": "5.60000000", "price": "0.19824000", "time": "2025-07-15T23:36:05.346045Z", "fetched_at": "2025-07-15T23:39:34.144834+00:00", "symbol": "DOGE-USD"}, {"trade_id": 139190716, "side": "sell", "size": "562.40000000", "price": "0.19822000", "time": "2025-07-15T23:36:01.611395Z", "fetched_at": "2025-07-15T23:39:34.144834+00:00", "symbol": "DOGE-USD"}, {"trade_id": 139190715, "side": "sell", "size": "5.60000000", "price": "0.19822000", "time": "2025-07-15T23:36:01.611395Z", "fetched_at": "2025-07-15T23:39:34.144834+00:00", "symbol": "DOGE-USD"}, {"trade_id": 139190714, "side": "sell", "size": "17.80000000", "price": "0.19821000", "time": "2025-07-15T23:36:01.611395Z", "fetched_at": "2025-07-15T23:39:34.144834+00:00", "symbol": "DOGE-USD"}, {"trade_id": 139190713, "side": "sell", "size": "5.60000000", "price": "0.19820000", "time": "2025-07-15T23:36:01.187369Z", "fetched_at": "2025-07-15T23:39:34.144834+00:00", "symbol": "DOGE-USD"}, {"trade_id": 139190712, "side": "sell", "size": "5.60000000", "price": "0.19818000", "time": "2025-07-15T23:36:00.861516Z", "fetched_at": "2025-07-15T23:39:34.144834+00:00", "symbol": "DOGE-USD"}, {"trade_id": 139190711, "side": "sell", "size": "122.60000000", "price": "0.19817000", "time": "2025-07-15T23:36:00.736334Z", "fetched_at": "2025-07-15T23:39:34.144834+00:00", "symbol": "DOGE-USD"}, {"trade_id": 139190710, "side": "buy", "size": "63.00000000", "price": "0.19812000", "time": "2025-07-15T23:35:57.705934Z", "fetched_at": "2025-07-15T23:39:34.144834+00:00", "symbol": "DOGE-USD"}, {"trade_id": 139190709, "side": "buy", "size": "2000.00000000", "price": "0.19814000", "time": "2025-07-15T23:35:57.705934Z", "fetched_at": "2025-07-15T23:39:34.144834+00:00", "symbol": "DOGE-USD"}, {"trade_id": 139190708, "side": "buy", "size": "56.60000000", "price": "0.19815000", "time": "2025-07-15T23:35:57.705934Z", "fetched_at": "2025-07-15T23:39:34.144834+00:00", "symbol": "DOGE-USD"}, {"trade_id": 139190707, "side": "buy", "size": "1585.40000000", "price": "0.19817000", "time": "2025-07-15T23:35:56.855580Z", "fetched_at": "2025-07-15T23:39:34.144834+00:00", "symbol": "DOGE-USD"}, {"trade_id": 139190706, "side": "buy", "size": "1503.30000000", "price": "0.19817000", "time": "2025-07-15T23:35:56.855580Z", "fetched_at": "2025-07-15T23:39:34.144834+00:00", "symbol": "DOGE-USD"}, {"trade_id": 139190705, "side": "buy", "size": "653.80000000", "price": "0.19817000", "time": "2025-07-15T23:35:56.855580Z", "fetched_at": "2025-07-15T23:39:34.144834+00:00", "symbol": "DOGE-USD"}, {"trade_id": 139190704, "side": "buy", "size": "220.20000000", "price": "0.19817000", "time": "2025-07-15T23:35:56.855580Z", "fetched_at": "2025-07-15T23:39:34.144834+00:00", "symbol": "DOGE-USD"}, {"trade_id": 139190703, "side": "sell", "size": "5.60000000", "price": "0.19816000", "time": "2025-07-15T23:35:56.659311Z", "fetched_at": "2025-07-15T23:39:34.144834+00:00", "symbol": "DOGE-USD"}, {"trade_id": 139190702, "side": "sell", "size": "5.60000000", "price": "0.19814000", "time": "2025-07-15T23:35:50.242687Z", "fetched_at": "2025-07-15T23:39:34.144834+00:00", "symbol": "DOGE-USD"}, {"trade_id": 139190701, "side": "buy", "size": "193.20000000", "price": "0.19813000", "time": "2025-07-15T23:35:49.430511Z", "fetched_at": "2025-07-15T23:39:34.144834+00:00", "symbol": "DOGE-USD"}, {"trade_id": 139190700, "side": "sell", "size": "5.60000000", "price": "0.19812000", "time": "2025-07-15T23:35:49.209624Z", "fetched_at": "2025-07-15T23:39:34.144834+00:00", "symbol": "DOGE-USD"}, {"trade_id": 139190699, "side": "buy", "size": "668.50000000", "price": "0.19811000", "time": "2025-07-15T23:35:49.127449Z", "fetched_at": "2025-07-15T23:39:34.144834+00:00", "symbol": "DOGE-USD"}, {"trade_id": 139190698, "side": "buy", "size": "351.30000000", "price": "0.19811000", "time": "2025-07-15T23:35:49.127449Z", "fetched_at": "2025-07-15T23:39:34.144834+00:00", "symbol": "DOGE-USD"}, {"trade_id": 139190697, "side": "sell", "size": "5.60000000", "price": "0.19810000", "time": "2025-07-15T23:35:47.765159Z", "fetched_at": "2025-07-15T23:39:34.144834+00:00", "symbol": "DOGE-USD"}, {"trade_id": 139190696, "side": "sell", "size": "5.60000000", "price": "0.19808000", "time": "2025-07-15T23:35:39.788020Z", "fetched_at": "2025-07-15T23:39:34.144834+00:00", "symbol": "DOGE-USD"}, {"trade_id": 139190695, "side": "sell", "size": "5.60000000", "price": "0.19806000", "time": "2025-07-15T23:35:39.692600Z", "fetched_at": "2025-07-15T23:39:34.144834+00:00", "symbol": "DOGE-USD"}, {"trade_id": 139190694, "side": "sell", "size": "5.60000000", "price": "0.19804000", "time": "2025-07-15T23:35:39.022899Z", "fetched_at": "2025-07-15T23:39:34.144834+00:00", "symbol": "DOGE-USD"}, {"trade_id": 139190693, "side": "sell", "size": "6.50000000", "price": "0.19803000", "time": "2025-07-15T23:35:37.536953Z", "fetched_at": "2025-07-15T23:39:34.144834+00:00", "symbol": "DOGE-USD"}, {"trade_id": 139190692, "side": "sell", "size": "21.00000000", "price": "0.19802000", "time": "2025-07-15T23:35:37.536953Z", "fetched_at": "2025-07-15T23:39:34.144834+00:00", "symbol": "DOGE-USD"}, {"trade_id": 139190691, "side": "sell", "size": "5.60000000", "price": "0.19802000", "time": "2025-07-15T23:35:37.536953Z", "fetched_at": "2025-07-15T23:39:34.144834+00:00", "symbol": "DOGE-USD"}, {"trade_id": 139190690, "side": "buy", "size": "251.50000000", "price": "0.19801000", "time": "2025-07-15T23:35:36.396616Z", "fetched_at": "2025-07-15T23:39:34.144834+00:00", "symbol": "DOGE-USD"}, {"trade_id": 139190689, "side": "buy", "size": "11.30000000", "price": "0.19801000", "time": "2025-07-15T23:35:36.396616Z", "fetched_at": "2025-07-15T23:39:34.144834+00:00", "symbol": "DOGE-USD"}, {"trade_id": 139190688, "side": "buy", "size": "61.20000000", "price": "0.19801000", "time": "2025-07-15T23:35:35.543234Z", "fetched_at": "2025-07-15T23:39:34.144834+00:00", "symbol": "DOGE-USD"}, {"trade_id": 139190687, "side": "sell", "size": "5.60000000", "price": "0.19800000", "time": "2025-07-15T23:35:35.072122Z", "fetched_at": "2025-07-15T23:39:34.144834+00:00", "symbol": "DOGE-USD"}, {"trade_id": 139190686, "side": "sell", "size": "4812.30000000", "price": "0.19799000", "time": "2025-07-15T23:35:35.063487Z", "fetched_at": "2025-07-15T23:39:34.144834+00:00", "symbol": "DOGE-USD"}, {"trade_id": 139190685, "side": "sell", "size": "4791.00000000", "price": "0.19799000", "time": "2025-07-15T23:35:35.063487Z", "fetched_at": "2025-07-15T23:39:34.144834+00:00", "symbol": "DOGE-USD"}, {"trade_id": 139190684, "side": "sell", "size": "21.30000000", "price": "0.19799000", "time": "2025-07-15T23:35:35.063487Z", "fetched_at": "2025-07-15T23:39:34.144834+00:00", "symbol": "DOGE-USD"}, {"trade_id": 139190683, "side": "sell", "size": "5.60000000", "price": "0.19798000", "time": "2025-07-15T23:35:35.009578Z", "fetched_at": "2025-07-15T23:39:34.144834+00:00", "symbol": "DOGE-USD"}, {"trade_id": 139190682, "side": "sell", "size": "67.20000000", "price": "0.19795000", "time": "2025-07-15T23:35:30.994138Z", "fetched_at": "2025-07-15T23:39:34.144834+00:00", "symbol": "DOGE-USD"}, {"trade_id": 139190681, "side": "sell", "size": "22.00000000", "price": "0.19797000", "time": "2025-07-15T23:35:26.070176Z", "fetched_at": "2025-07-15T23:39:34.144834+00:00", "symbol": "DOGE-USD"}, {"trade_id": 139190680, "side": "sell", "size": "766.80000000", "price": "0.19795000", "time": "2025-07-15T23:35:26.054297Z", "fetched_at": "2025-07-15T23:39:34.144834+00:00", "symbol": "DOGE-USD"}, {"trade_id": 139190679, "side": "sell", "size": "2255.80000000", "price": "0.19795000", "time": "2025-07-15T23:35:26.054297Z", "fetched_at": "2025-07-15T23:39:34.144834+00:00", "symbol": "DOGE-USD"}, {"trade_id": 139190678, "side": "sell", "size": "10.70000000", "price": "0.19794000", "time": "2025-07-15T23:35:21.166092Z", "fetched_at": "2025-07-15T23:39:34.144834+00:00", "symbol": "DOGE-USD"}, {"trade_id": 139190677, "side": "sell", "size": "481.20000000", "price": "0.19797000", "time": "2025-07-15T23:35:18.543497Z", "fetched_at": "2025-07-15T23:39:34.144834+00:00", "symbol": "DOGE-USD"}, {"trade_id": 139190676, "side": "sell", "size": "5.60000000", "price": "0.19796000", "time": "2025-07-15T23:35:14.990595Z", "fetched_at": "2025-07-15T23:39:34.144834+00:00", "symbol": "DOGE-USD"}, {"trade_id": 139190675, "side": "buy", "size": "50.00000000", "price": "0.19795000", "time": "2025-07-15T23:35:10.627900Z", "fetched_at": "2025-07-15T23:39:34.144834+00:00", "symbol": "DOGE-USD"}, {"trade_id": 139190674, "side": "sell", "size": "5891.10000000", "price": "0.19795000", "time": "2025-07-15T23:35:04.964594Z", "fetched_at": "2025-07-15T23:39:34.144834+00:00", "symbol": "DOGE-USD"}, {"trade_id": 139190673, "side": "sell", "size": "5.60000000", "price": "0.19794000", "time": "2025-07-15T23:35:04.940010Z", "fetched_at": "2025-07-15T23:39:34.144834+00:00", "symbol": "DOGE-USD"}, {"trade_id": 139190672, "side": "sell", "size": "25.20000000", "price": "0.19792000", "time": "2025-07-15T23:35:03.895253Z", "fetched_at": "2025-07-15T23:39:34.144834+00:00", "symbol": "DOGE-USD"}, {"trade_id": 139190671, "side": "sell", "size": "5.60000000", "price": "0.19792000", "time": "2025-07-15T23:35:03.895253Z", "fetched_at": "2025-07-15T23:39:34.144834+00:00", "symbol": "DOGE-USD"}, {"trade_id": 139190670, "side": "sell", "size": "5.60000000", "price": "0.19790000", "time": "2025-07-15T23:35:03.084454Z", "fetched_at": "2025-07-15T23:39:34.144834+00:00", "symbol": "DOGE-USD"}, {"trade_id": 139190669, "side": "sell", "size": "5.60000000", "price": "0.19788000", "time": "2025-07-15T23:34:57.668296Z", "fetched_at": "2025-07-15T23:39:34.144834+00:00", "symbol": "DOGE-USD"}, {"trade_id": 139190668, "side": "sell", "size": "63.00000000", "price": "0.19783000", "time": "2025-07-15T23:34:53.698258Z", "fetched_at": "2025-07-15T23:39:34.144834+00:00", "symbol": "DOGE-USD"}, {"trade_id": 139190667, "side": "sell", "size": "326.20000000", "price": "0.19783000", "time": "2025-07-15T23:34:53.698258Z", "fetched_at": "2025-07-15T23:39:34.144834+00:00", "symbol": "DOGE-USD"}, {"trade_id": 139190666, "side": "buy", "size": "153.30000000", "price": "0.19781000", "time": "2025-07-15T23:34:49.416007Z", "fetched_at": "2025-07-15T23:39:34.144834+00:00", "symbol": "DOGE-USD"}, {"trade_id": 139190665, "side": "buy", "size": "56.70000000", "price": "0.19781000", "time": "2025-07-15T23:34:49.416007Z", "fetched_at": "2025-07-15T23:39:34.144834+00:00", "symbol": "DOGE-USD"}, {"trade_id": 139190664, "side": "buy", "size": "12.40000000", "price": "0.19782000", "time": "2025-07-15T23:34:49.416007Z", "fetched_at": "2025-07-15T23:39:34.144834+00:00", "symbol": "DOGE-USD"}, {"trade_id": 139190663, "side": "buy", "size": "5.60000000", "price": "0.19782000", "time": "2025-07-15T23:34:49.416007Z", "fetched_at": "2025-07-15T23:39:34.144834+00:00", "symbol": "DOGE-USD"}, {"trade_id": 139190662, "side": "buy", "size": "5.60000000", "price": "0.19784000", "time": "2025-07-15T23:34:48.744217Z", "fetched_at": "2025-07-15T23:39:34.144834+00:00", "symbol": "DOGE-USD"}, {"trade_id": 139190661, "side": "buy", "size": "5.60000000", "price": "0.19786000", "time": "2025-07-15T23:34:48.355559Z", "fetched_at": "2025-07-15T23:39:34.144834+00:00", "symbol": "DOGE-USD"}, {"trade_id": 139190660, "side": "buy", "size": "5.60000000", "price": "0.19788000", "time": "2025-07-15T23:34:48.350461Z", "fetched_at": "2025-07-15T23:39:34.144834+00:00", "symbol": "DOGE-USD"}, {"trade_id": 139190659, "side": "sell", "size": "3813.20000000", "price": "0.19792000", "time": "2025-07-15T23:34:48.087278Z", "fetched_at": "2025-07-15T23:39:34.144834+00:00", "symbol": "DOGE-USD"}, {"trade_id": 139190658, "side": "sell", "size": "36.90000000", "price": "0.19791000", "time": "2025-07-15T23:34:48.087278Z", "fetched_at": "2025-07-15T23:39:34.144834+00:00", "symbol": "DOGE-USD"}, {"trade_id": 139190657, "side": "sell", "size": "1660.00000000", "price": "0.19790000", "time": "2025-07-15T23:34:48.087278Z", "fetched_at": "2025-07-15T23:39:34.144834+00:00", "symbol": "DOGE-USD"}, {"trade_id": 139190656, "side": "sell", "size": "1579.40000000", "price": "0.19789000", "time": "2025-07-15T23:34:48.087278Z", "fetched_at": "2025-07-15T23:39:34.144834+00:00", "symbol": "DOGE-USD"}, {"trade_id": 139190655, "side": "sell", "size": "653.80000000", "price": "0.19789000", "time": "2025-07-15T23:34:48.087278Z", "fetched_at": "2025-07-15T23:39:34.144834+00:00", "symbol": "DOGE-USD"}, {"trade_id": 139190654, "side": "sell", "size": "1593.00000000", "price": "0.19789000", "time": "2025-07-15T23:34:48.087278Z", "fetched_at": "2025-07-15T23:39:34.144834+00:00", "symbol": "DOGE-USD"}, {"trade_id": 139190653, "side": "sell", "size": "336.60000000", "price": "0.19789000", "time": "2025-07-15T23:34:48.087278Z", "fetched_at": "2025-07-15T23:39:34.144834+00:00", "symbol": "DOGE-USD"}, {"trade_id": 139190652, "side": "sell", "size": "326.20000000", "price": "0.19789000", "time": "2025-07-15T23:34:48.087278Z", "fetched_at": "2025-07-15T23:39:34.144834+00:00", "symbol": "DOGE-USD"}, {"trade_id": 139190651, "side": "buy", "size": "5.60000000", "price": "0.19790000", "time": "2025-07-15T23:34:47.930216Z", "fetched_at": "2025-07-15T23:39:34.144834+00:00", "symbol": "DOGE-USD"}, {"trade_id": 139190650, "side": "buy", "size": "56.70000000", "price": "0.19793000", "time": "2025-07-15T23:34:46.891851Z", "fetched_at": "2025-07-15T23:39:34.144834+00:00", "symbol": "DOGE-USD"}, {"trade_id": 139190649, "side": "buy", "size": "7303.60000000", "price": "0.19793000", "time": "2025-07-15T23:34:46.891772Z", "fetched_at": "2025-07-15T23:39:34.144834+00:00", "symbol": "DOGE-USD"}, {"trade_id": 139190648, "side": "buy", "size": "2696.40000000", "price": "0.19793000", "time": "2025-07-15T23:34:46.885270Z", "fetched_at": "2025-07-15T23:39:34.144834+00:00", "symbol": "DOGE-USD"}, {"trade_id": 139190647, "side": "buy", "size": "1831.50000000", "price": "0.19792000", "time": "2025-07-15T23:34:46.883505Z", "fetched_at": "2025-07-15T23:39:34.144834+00:00", "symbol": "DOGE-USD"}, {"trade_id": 139190646, "side": "buy", "size": "1345.70000000", "price": "0.19792000", "time": "2025-07-15T23:34:46.883505Z", "fetched_at": "2025-07-15T23:39:34.144834+00:00", "symbol": "DOGE-USD"}, {"trade_id": 139190645, "side": "buy", "size": "18368.50000000", "price": "0.19792000", "time": "2025-07-15T23:34:46.883505Z", "fetched_at": "2025-07-15T23:39:34.144834+00:00", "symbol": "DOGE-USD"}, {"trade_id": 139190644, "side": "buy", "size": "5.60000000", "price": "0.19792000", "time": "2025-07-15T23:34:46.883505Z", "fetched_at": "2025-07-15T23:39:34.144834+00:00", "symbol": "DOGE-USD"}, {"trade_id": 139190643, "side": "buy", "size": "2696.40000000", "price": "0.19793000", "time": "2025-07-15T23:34:46.883505Z", "fetched_at": "2025-07-15T23:39:34.144834+00:00", "symbol": "DOGE-USD"}, {"trade_id": 139190642, "side": "buy", "size": "1653.60000000", "price": "0.19793000", "time": "2025-07-15T23:34:46.877576Z", "fetched_at": "2025-07-15T23:39:34.144834+00:00", "symbol": "DOGE-USD"}, {"trade_id": 139190641, "side": "buy", "size": "4070.80000000", "price": "0.19793000", "time": "2025-07-15T23:34:46.877576Z", "fetched_at": "2025-07-15T23:39:34.144834+00:00", "symbol": "DOGE-USD"}, {"trade_id": 139190640, "side": "buy", "size": "56.70000000", "price": "0.19794000", "time": "2025-07-15T23:34:46.877576Z", "fetched_at": "2025-07-15T23:39:34.144834+00:00", "symbol": "DOGE-USD"}, {"trade_id": 139190639, "side": "buy", "size": "5.60000000", "price": "0.19794000", "time": "2025-07-15T23:34:46.877576Z", "fetched_at": "2025-07-15T23:39:34.144834+00:00", "symbol": "DOGE-USD"}, {"trade_id": 139190638, "side": "buy", "size": "12.40000000", "price": "0.19796000", "time": "2025-07-15T23:34:46.877576Z", "fetched_at": "2025-07-15T23:39:34.144834+00:00", "symbol": "DOGE-USD"}, {"trade_id": 139190637, "side": "buy", "size": "5.60000000", "price": "0.19796000", "time": "2025-07-15T23:34:46.877576Z", "fetched_at": "2025-07-15T23:39:34.144834+00:00", "symbol": "DOGE-USD"}, {"trade_id": 139190636, "side": "sell", "size": "736.20000000", "price": "0.19797000", "time": "2025-07-15T23:34:46.374327Z", "fetched_at": "2025-07-15T23:39:34.144834+00:00", "symbol": "DOGE-USD"}, {"trade_id": 139190635, "side": "buy", "size": "5.60000000", "price": "0.19798000", "time": "2025-07-15T23:34:42.678961Z", "fetched_at": "2025-07-15T23:39:34.144834+00:00", "symbol": "DOGE-USD"}, {"trade_id": 139190634, "side": "buy", "size": "422.60000000", "price": "0.19799000", "time": "2025-07-15T23:34:42.584927Z", "fetched_at": "2025-07-15T23:39:34.144834+00:00", "symbol": "DOGE-USD"}, {"trade_id": 139190633, "side": "buy", "size": "5.60000000", "price": "0.19800000", "time": "2025-07-15T23:34:42.581164Z", "fetched_at": "2025-07-15T23:39:34.144834+00:00", "symbol": "DOGE-USD"}, {"trade_id": 139190632, "side": "sell", "size": "68.70000000", "price": "0.19804000", "time": "2025-07-15T23:34:37.494188Z", "fetched_at": "2025-07-15T23:39:34.144834+00:00", "symbol": "DOGE-USD"}, {"trade_id": 139190631, "side": "buy", "size": "618.00000000", "price": "0.19803000", "time": "2025-07-15T23:34:37.456103Z", "fetched_at": "2025-07-15T23:39:34.144834+00:00", "symbol": "DOGE-USD"}, {"trade_id": 139190630, "side": "buy", "size": "144.80000000", "price": "0.19803000", "time": "2025-07-15T23:34:37.456103Z", "fetched_at": "2025-07-15T23:39:34.144834+00:00", "symbol": "DOGE-USD"}, {"trade_id": 139190629, "side": "buy", "size": "70.20000000", "price": "0.19803000", "time": "2025-07-15T23:34:37.456103Z", "fetched_at": "2025-07-15T23:39:34.144834+00:00", "symbol": "DOGE-USD"}, {"trade_id": 139190628, "side": "sell", "size": "824.00000000", "price": "0.19806000", "time": "2025-07-15T23:34:33.490192Z", "fetched_at": "2025-07-15T23:39:34.144834+00:00", "symbol": "DOGE-USD"}, {"trade_id": 139190627, "side": "sell", "size": "5.60000000", "price": "0.19806000", "time": "2025-07-15T23:34:33.490192Z", "fetched_at": "2025-07-15T23:39:34.144834+00:00", "symbol": "DOGE-USD"}, {"trade_id": 139190626, "side": "sell", "size": "26.10000000", "price": "0.19805000", "time": "2025-07-15T23:34:33.490192Z", "fetched_at": "2025-07-15T23:39:34.144834+00:00", "symbol": "DOGE-USD"}, {"trade_id": 139190625, "side": "sell", "size": "5.60000000", "price": "0.19804000", "time": "2025-07-15T23:34:33.490192Z", "fetched_at": "2025-07-15T23:39:34.144834+00:00", "symbol": "DOGE-USD"}, {"trade_id": 139190624, "side": "sell", "size": "495.90000000", "price": "0.19801000", "time": "2025-07-15T23:34:32.841448Z", "fetched_at": "2025-07-15T23:39:34.144834+00:00", "symbol": "DOGE-USD"}, {"trade_id": 139190623, "side": "sell", "size": "495.90000000", "price": "0.19801000", "time": "2025-07-15T23:34:32.841448Z", "fetched_at": "2025-07-15T23:39:34.144834+00:00", "symbol": "DOGE-USD"}, {"trade_id": 139190622, "side": "buy", "size": "48.50000000", "price": "0.19800000", "time": "2025-07-15T23:34:31.240493Z", "fetched_at": "2025-07-15T23:39:34.144834+00:00", "symbol": "DOGE-USD"}, {"trade_id": 139190621, "side": "buy", "size": "1.00000000", "price": "0.19800000", "time": "2025-07-15T23:34:25.301971Z", "fetched_at": "2025-07-15T23:39:34.144834+00:00", "symbol": "DOGE-USD"}, {"trade_id": 139190620, "side": "buy", "size": "5.60000000", "price": "0.19800000", "time": "2025-07-15T23:34:21.570935Z", "fetched_at": "2025-07-15T23:39:34.144834+00:00", "symbol": "DOGE-USD"}, {"trade_id": 139190619, "side": "sell", "size": "122.60000000", "price": "0.19802000", "time": "2025-07-15T23:34:19.856995Z", "fetched_at": "2025-07-15T23:39:34.144834+00:00", "symbol": "DOGE-USD"}, {"trade_id": 139190618, "side": "sell", "size": "258.60000000", "price": "0.19801000", "time": "2025-07-15T23:34:18.218520Z", "fetched_at": "2025-07-15T23:39:34.144834+00:00", "symbol": "DOGE-USD"}, {"trade_id": 139190617, "side": "buy", "size": "5.60000000", "price": "0.19802000", "time": "2025-07-15T23:34:16.059805Z", "fetched_at": "2025-07-15T23:39:34.144834+00:00", "symbol": "DOGE-USD"}, {"trade_id": 139190616, "side": "buy", "size": "5.60000000", "price": "0.19804000", "time": "2025-07-15T23:34:15.892860Z", "fetched_at": "2025-07-15T23:39:34.144834+00:00", "symbol": "DOGE-USD"}, {"trade_id": 139190615, "side": "buy", "size": "1436.60000000", "price": "0.19804000", "time": "2025-07-15T23:34:15.892860Z", "fetched_at": "2025-07-15T23:39:34.144834+00:00", "symbol": "DOGE-USD"}, {"trade_id": 139190614, "side": "buy", "size": "17816.30000000", "price": "0.19805000", "time": "2025-07-15T23:34:15.072983Z", "fetched_at": "2025-07-15T23:39:34.144834+00:00", "symbol": "DOGE-USD"}, {"trade_id": 139190613, "side": "buy", "size": "562.70000000", "price": "0.19805000", "time": "2025-07-15T23:34:14.726478Z", "fetched_at": "2025-07-15T23:39:34.144834+00:00", "symbol": "DOGE-USD"}, {"trade_id": 139190612, "side": "buy", "size": "69.80000000", "price": "0.19807000", "time": "2025-07-15T23:34:14.726478Z", "fetched_at": "2025-07-15T23:39:34.144834+00:00", "symbol": "DOGE-USD"}, {"trade_id": 139190611, "side": "buy", "size": "0.40000000", "price": "0.19807000", "time": "2025-07-15T23:34:13.829452Z", "fetched_at": "2025-07-15T23:39:34.144834+00:00", "symbol": "DOGE-USD"}, {"trade_id": 139190610, "side": "sell", "size": "5.60000000", "price": "0.19808000", "time": "2025-07-15T23:34:09.692515Z", "fetched_at": "2025-07-15T23:39:34.144834+00:00", "symbol": "DOGE-USD"}, {"trade_id": 139190609, "side": "buy", "size": "0.60000000", "price": "0.19803000", "time": "2025-07-15T23:34:05.700114Z", "fetched_at": "2025-07-15T23:39:34.144834+00:00", "symbol": "DOGE-USD"}, {"trade_id": 139190608, "side": "buy", "size": "1046.60000000", "price": "0.19804000", "time": "2025-07-15T23:34:03.590974Z", "fetched_at": "2025-07-15T23:39:34.144834+00:00", "symbol": "DOGE-USD"}, {"trade_id": 139190607, "side": "buy", "size": "1653.60000000", "price": "0.19804000", "time": "2025-07-15T23:34:03.590974Z", "fetched_at": "2025-07-15T23:39:34.144834+00:00", "symbol": "DOGE-USD"}, {"trade_id": 139190606, "side": "buy", "size": "521.30000000", "price": "0.19807000", "time": "2025-07-15T23:34:03.590974Z", "fetched_at": "2025-07-15T23:39:34.144834+00:00", "symbol": "DOGE-USD"}, {"trade_id": 139190605, "side": "buy", "size": "44.50000000", "price": "0.19807000", "time": "2025-07-15T23:34:03.487074Z", "fetched_at": "2025-07-15T23:39:34.144834+00:00", "symbol": "DOGE-USD"}, {"trade_id": 139190604, "side": "sell", "size": "147.80000000", "price": "0.19804000", "time": "2025-07-15T23:33:57.988969Z", "fetched_at": "2025-07-15T23:39:34.144834+00:00", "symbol": "DOGE-USD"}, {"trade_id": 139190603, "side": "buy", "size": "687.00000000", "price": "0.19805000", "time": "2025-07-15T23:33:56.864345Z", "fetched_at": "2025-07-15T23:39:34.144834+00:00", "symbol": "DOGE-USD"}, {"trade_id": 139190602, "side": "buy", "size": "15.30000000", "price": "0.19805000", "time": "2025-07-15T23:33:55.836887Z", "fetched_at": "2025-07-15T23:39:34.144834+00:00", "symbol": "DOGE-USD"}, {"trade_id": 139190601, "side": "buy", "size": "526.90000000", "price": "0.19807000", "time": "2025-07-15T23:33:54.943021Z", "fetched_at": "2025-07-15T23:39:34.144834+00:00", "symbol": "DOGE-USD"}, {"trade_id": 139190600, "side": "sell", "size": "10209.00000000", "price": "0.19806000", "time": "2025-07-15T23:33:54.937321Z", "fetched_at": "2025-07-15T23:39:34.144834+00:00", "symbol": "DOGE-USD"}, {"trade_id": 139190599, "side": "sell", "size": "1341.60000000", "price": "0.19805000", "time": "2025-07-15T23:33:54.937321Z", "fetched_at": "2025-07-15T23:39:34.144834+00:00", "symbol": "DOGE-USD"}, {"trade_id": 139190598, "side": "sell", "size": "1870.00000000", "price": "0.19805000", "time": "2025-07-15T23:33:54.937321Z", "fetched_at": "2025-07-15T23:39:34.144834+00:00", "symbol": "DOGE-USD"}, {"trade_id": 139190597, "side": "sell", "size": "2500.00000000", "price": "0.19805000", "time": "2025-07-15T23:33:54.937321Z", "fetched_at": "2025-07-15T23:39:34.144834+00:00", "symbol": "DOGE-USD"}, {"trade_id": 139190596, "side": "sell", "size": "26190.40000000", "price": "0.19805000", "time": "2025-07-15T23:33:54.937321Z", "fetched_at": "2025-07-15T23:39:34.144834+00:00", "symbol": "DOGE-USD"}, {"trade_id": 139190595, "side": "sell", "size": "16872.20000000", "price": "0.19802000", "time": "2025-07-15T23:33:54.935878Z", "fetched_at": "2025-07-15T23:39:34.144834+00:00", "symbol": "DOGE-USD"}, {"trade_id": 139190594, "side": "sell", "size": "8687.80000000", "price": "0.19802000", "time": "2025-07-15T23:33:54.935841Z", "fetched_at": "2025-07-15T23:39:34.144834+00:00", "symbol": "DOGE-USD"}, {"trade_id": 139190593, "side": "sell", "size": "3452.70000000", "price": "0.19802000", "time": "2025-07-15T23:33:54.935841Z", "fetched_at": "2025-07-15T23:39:34.144834+00:00", "symbol": "DOGE-USD"}, {"trade_id": 139190592, "side": "sell", "size": "14939.00000000", "price": "0.19802000", "time": "2025-07-15T23:33:54.935626Z", "fetched_at": "2025-07-15T23:39:34.144834+00:00", "symbol": "DOGE-USD"}, {"trade_id": 139190591, "side": "sell", "size": "9.30000000", "price": "0.19801000", "time": "2025-07-15T23:33:54.935626Z", "fetched_at": "2025-07-15T23:39:34.144834+00:00", "symbol": "DOGE-USD"}, {"trade_id": 139190590, "side": "sell", "size": "253.90000000", "price": "0.19799000", "time": "2025-07-15T23:33:54.935626Z", "fetched_at": "2025-07-15T23:39:34.144834+00:00", "symbol": "DOGE-USD"}, {"trade_id": 139190589, "side": "sell", "size": "9.60000000", "price": "0.19799000", "time": "2025-07-15T23:33:52.807496Z", "fetched_at": "2025-07-15T23:39:34.144834+00:00", "symbol": "DOGE-USD"}, {"trade_id": 139190588, "side": "buy", "size": "28.90000000", "price": "0.19798000", "time": "2025-07-15T23:33:52.665836Z", "fetched_at": "2025-07-15T23:39:34.144834+00:00", "symbol": "DOGE-USD"}, {"trade_id": 139190587, "side": "sell", "size": "23.70000000", "price": "0.19799000", "time": "2025-07-15T23:33:47.453632Z", "fetched_at": "2025-07-15T23:39:34.144834+00:00", "symbol": "DOGE-USD"}, {"trade_id": 139190586, "side": "buy", "size": "287.20000000", "price": "0.19793000", "time": "2025-07-15T23:33:44.392072Z", "fetched_at": "2025-07-15T23:39:34.144834+00:00", "symbol": "DOGE-USD"}, {"trade_id": 139190585, "side": "buy", "size": "56.70000000", "price": "0.19794000", "time": "2025-07-15T23:33:44.392072Z", "fetched_at": "2025-07-15T23:39:34.144834+00:00", "symbol": "DOGE-USD"}, {"trade_id": 139190584, "side": "buy", "size": "5.60000000", "price": "0.19794000", "time": "2025-07-15T23:33:44.392072Z", "fetched_at": "2025-07-15T23:39:34.144834+00:00", "symbol": "DOGE-USD"}, {"trade_id": 139190583, "side": "buy", "size": "2.70000000", "price": "0.19796000", "time": "2025-07-15T23:33:44.392072Z", "fetched_at": "2025-07-15T23:39:34.144834+00:00", "symbol": "DOGE-USD"}, {"trade_id": 139190582, "side": "buy", "size": "63.20000000", "price": "0.19797000", "time": "2025-07-15T23:33:44.392072Z", "fetched_at": "2025-07-15T23:39:34.144834+00:00", "symbol": "DOGE-USD"}, {"trade_id": 139190581, "side": "buy", "size": "56.70000000", "price": "0.19797000", "time": "2025-07-15T23:33:43.776116Z", "fetched_at": "2025-07-15T23:39:34.144834+00:00", "symbol": "DOGE-USD"}, {"trade_id": 139190580, "side": "buy", "size": "5.60000000", "price": "0.19798000", "time": "2025-07-15T23:33:43.763535Z", "fetched_at": "2025-07-15T23:39:34.144834+00:00", "symbol": "DOGE-USD"}, {"trade_id": 139190579, "side": "buy", "size": "5.60000000", "price": "0.19800000", "time": "2025-07-15T23:33:43.761628Z", "fetched_at": "2025-07-15T23:39:34.144834+00:00", "symbol": "DOGE-USD"}, {"trade_id": 139190578, "side": "buy", "size": "5.60000000", "price": "0.19802000", "time": "2025-07-15T23:33:43.072028Z", "fetched_at": "2025-07-15T23:39:34.144834+00:00", "symbol": "DOGE-USD"}, {"trade_id": 139190577, "side": "buy", "size": "5.60000000", "price": "0.19804000", "time": "2025-07-15T23:33:42.968142Z", "fetched_at": "2025-07-15T23:39:34.144834+00:00", "symbol": "DOGE-USD"}, {"trade_id": 139190576, "side": "sell", "size": "52.70000000", "price": "0.19806000", "time": "2025-07-15T23:33:42.461251Z", "fetched_at": "2025-07-15T23:39:34.144834+00:00", "symbol": "DOGE-USD"}, {"trade_id": 139190575, "side": "buy", "size": "102.00000000", "price": "0.19808000", "time": "2025-07-15T23:33:32.646286Z", "fetched_at": "2025-07-15T23:39:34.144834+00:00", "symbol": "DOGE-USD"}, {"trade_id": 139190574, "side": "sell", "size": "5.60000000", "price": "0.19808000", "time": "2025-07-15T23:33:25.035713Z", "fetched_at": "2025-07-15T23:39:34.144834+00:00", "symbol": "DOGE-USD"}, {"trade_id": 139190573, "side": "sell", "size": "5.60000000", "price": "0.19806000", "time": "2025-07-15T23:33:24.989545Z", "fetched_at": "2025-07-15T23:39:34.144834+00:00", "symbol": "DOGE-USD"}, {"trade_id": 139190572, "side": "sell", "size": "1955.80000000", "price": "0.19799000", "time": "2025-07-15T23:33:24.676323Z", "fetched_at": "2025-07-15T23:39:34.144834+00:00", "symbol": "DOGE-USD"}, {"trade_id": 139190571, "side": "buy", "size": "5.60000000", "price": "0.19798000", "time": "2025-07-15T23:33:24.220164Z", "fetched_at": "2025-07-15T23:39:34.144834+00:00", "symbol": "DOGE-USD"}, {"trade_id": 139190570, "side": "sell", "size": "98.50000000", "price": "0.19800000", "time": "2025-07-15T23:33:22.906870Z", "fetched_at": "2025-07-15T23:39:34.144834+00:00", "symbol": "DOGE-USD"}, {"trade_id": 139190569, "side": "sell", "size": "1405.40000000", "price": "0.19800000", "time": "2025-07-15T23:33:22.906870Z", "fetched_at": "2025-07-15T23:39:34.144834+00:00", "symbol": "DOGE-USD"}, {"trade_id": 139190568, "side": "sell", "size": "1411.20000000", "price": "0.19800000", "time": "2025-07-15T23:33:22.906870Z", "fetched_at": "2025-07-15T23:39:34.144834+00:00", "symbol": "DOGE-USD"}, {"trade_id": 139190567, "side": "sell", "size": "2539.60000000", "price": "0.19800000", "time": "2025-07-15T23:33:22.906870Z", "fetched_at": "2025-07-15T23:39:34.144834+00:00", "symbol": "DOGE-USD"}, {"trade_id": 139190566, "side": "sell", "size": "292.80000000", "price": "0.19800000", "time": "2025-07-15T23:33:22.906870Z", "fetched_at": "2025-07-15T23:39:34.144834+00:00", "symbol": "DOGE-USD"}, {"trade_id": 139190565, "side": "buy", "size": "5.60000000", "price": "0.19800000", "time": "2025-07-15T23:33:20.077048Z", "fetched_at": "2025-07-15T23:39:34.144834+00:00", "symbol": "DOGE-USD"}, {"trade_id": 139190564, "side": "buy", "size": "5.60000000", "price": "0.19802000", "time": "2025-07-15T23:33:20.005822Z", "fetched_at": "2025-07-15T23:39:34.144834+00:00", "symbol": "DOGE-USD"}, {"trade_id": 139190563, "side": "sell", "size": "56.60000000", "price": "0.19803000", "time": "2025-07-15T23:33:13.124929Z", "fetched_at": "2025-07-15T23:39:34.144834+00:00", "symbol": "DOGE-USD"}, {"trade_id": 139190562, "side": "sell", "size": "5.60000000", "price": "0.19806000", "time": "2025-07-15T23:33:10.495092Z", "fetched_at": "2025-07-15T23:39:34.144834+00:00", "symbol": "DOGE-USD"}, {"trade_id": 139190561, "side": "sell", "size": "5.60000000", "price": "0.19804000", "time": "2025-07-15T23:33:09.799150Z", "fetched_at": "2025-07-15T23:39:34.144834+00:00", "symbol": "DOGE-USD"}, {"trade_id": 139190560, "side": "sell", "size": "5.60000000", "price": "0.19802000", "time": "2025-07-15T23:33:09.701604Z", "fetched_at": "2025-07-15T23:39:34.144834+00:00", "symbol": "DOGE-USD"}, {"trade_id": 139190559, "side": "sell", "size": "1.50000000", "price": "0.19800000", "time": "2025-07-15T23:33:07.617361Z", "fetched_at": "2025-07-15T23:39:34.144834+00:00", "symbol": "DOGE-USD"}, {"trade_id": 139190558, "side": "sell", "size": "13.40000000", "price": "0.19799000", "time": "2025-07-15T23:33:07.617361Z", "fetched_at": "2025-07-15T23:39:34.144834+00:00", "symbol": "DOGE-USD"}, {"trade_id": 139190557, "side": "sell", "size": "4893.20000000", "price": "0.19800000", "time": "2025-07-15T23:33:06.337190Z", "fetched_at": "2025-07-15T23:39:34.144834+00:00", "symbol": "DOGE-USD"}, {"trade_id": 139190556, "side": "sell", "size": "13.60000000", "price": "0.19799000", "time": "2025-07-15T23:33:06.337190Z", "fetched_at": "2025-07-15T23:39:34.144834+00:00", "symbol": "DOGE-USD"}, {"trade_id": 139190555, "side": "buy", "size": "2.90000000", "price": "0.19796000", "time": "2025-07-15T23:33:06.250983Z", "fetched_at": "2025-07-15T23:39:34.144834+00:00", "symbol": "DOGE-USD"}, {"trade_id": 139190554, "side": "sell", "size": "200.10000000", "price": "0.19798000", "time": "2025-07-15T23:33:05.771766Z", "fetched_at": "2025-07-15T23:39:34.144834+00:00", "symbol": "DOGE-USD"}, {"trade_id": 139190553, "side": "sell", "size": "5.60000000", "price": "0.19800000", "time": "2025-07-15T23:32:59.313549Z", "fetched_at": "2025-07-15T23:39:34.144834+00:00", "symbol": "DOGE-USD"}, {"trade_id": 139190552, "side": "buy", "size": "170.80000000", "price": "0.19799000", "time": "2025-07-15T23:32:59.057Z", "fetched_at": "2025-07-15T23:39:34.144834+00:00", "symbol": "DOGE-USD"}, {"trade_id": 139190551, "side": "buy", "size": "316.00000000", "price": "0.19799000", "time": "2025-07-15T23:32:59.057Z", "fetched_at": "2025-07-15T23:39:34.144834+00:00", "symbol": "DOGE-USD"}, {"trade_id": 139190550, "side": "sell", "size": "5.60000000", "price": "0.19798000", "time": "2025-07-15T23:32:59.038746Z", "fetched_at": "2025-07-15T23:39:34.144834+00:00", "symbol": "DOGE-USD"}, {"trade_id": 139190549, "side": "sell", "size": "5.60000000", "price": "0.19796000", "time": "2025-07-15T23:32:58.373181Z", "fetched_at": "2025-07-15T23:39:34.144834+00:00", "symbol": "DOGE-USD"}, {"trade_id": 139190548, "side": "buy", "size": "316.00000000", "price": "0.19795000", "time": "2025-07-15T23:32:58.245164Z", "fetched_at": "2025-07-15T23:39:34.144834+00:00", "symbol": "DOGE-USD"}, {"trade_id": 139190547, "side": "buy", "size": "320.70000000", "price": "0.19795000", "time": "2025-07-15T23:32:58.245164Z", "fetched_at": "2025-07-15T23:39:34.144834+00:00", "symbol": "DOGE-USD"}, {"trade_id": 139190546, "side": "sell", "size": "261.50000000", "price": "0.19794000", "time": "2025-07-15T23:32:55.939862Z", "fetched_at": "2025-07-15T23:39:34.144834+00:00", "symbol": "DOGE-USD"}, {"trade_id": 139190545, "side": "sell", "size": "5.60000000", "price": "0.19794000", "time": "2025-07-15T23:32:55.939862Z", "fetched_at": "2025-07-15T23:39:34.144834+00:00", "symbol": "DOGE-USD"}, {"trade_id": 139190544, "side": "sell", "size": "15.30000000", "price": "0.19793000", "time": "2025-07-15T23:32:55.939862Z", "fetched_at": "2025-07-15T23:39:34.144834+00:00", "symbol": "DOGE-USD"}, {"trade_id": 139190543, "side": "sell", "size": "5.60000000", "price": "0.19792000", "time": "2025-07-15T23:32:55.939862Z", "fetched_at": "2025-07-15T23:39:34.144834+00:00", "symbol": "DOGE-USD"}, {"trade_id": 139190542, "side": "sell", "size": "5.60000000", "price": "0.19790000", "time": "2025-07-15T23:32:55.502843Z", "fetched_at": "2025-07-15T23:39:34.144834+00:00", "symbol": "DOGE-USD"}, {"trade_id": 139190541, "side": "sell", "size": "200.20000000", "price": "0.19789000", "time": "2025-07-15T23:32:53.602211Z", "fetched_at": "2025-07-15T23:39:34.144834+00:00", "symbol": "DOGE-USD"}, {"trade_id": 139190540, "side": "sell", "size": "18.20000000", "price": "0.19789000", "time": "2025-07-15T23:32:51.503886Z", "fetched_at": "2025-07-15T23:39:34.144834+00:00", "symbol": "DOGE-USD"}, {"trade_id": 139190539, "side": "sell", "size": "5.60000000", "price": "0.19788000", "time": "2025-07-15T23:32:51.503886Z", "fetched_at": "2025-07-15T23:39:34.144834+00:00", "symbol": "DOGE-USD"}, {"trade_id": 139190538, "side": "buy", "size": "20.40000000", "price": "0.19787000", "time": "2025-07-15T23:32:49.881024Z", "fetched_at": "2025-07-15T23:39:34.144834+00:00", "symbol": "DOGE-USD"}, {"trade_id": 139190537, "side": "buy", "size": "11.10000000", "price": "0.19784000", "time": "2025-07-15T23:32:49.789309Z", "fetched_at": "2025-07-15T23:39:34.144834+00:00", "symbol": "DOGE-USD"}, {"trade_id": 139190536, "side": "buy", "size": "1020.80000000", "price": "0.19785000", "time": "2025-07-15T23:32:46.858494Z", "fetched_at": "2025-07-15T23:39:34.144834+00:00", "symbol": "DOGE-USD"}, {"trade_id": 139190535, "side": "sell", "size": "49.10000000", "price": "0.19783000", "time": "2025-07-15T23:32:42.179508Z", "fetched_at": "2025-07-15T23:39:34.144834+00:00", "symbol": "DOGE-USD"}, {"trade_id": 139190534, "side": "buy", "size": "5.60000000", "price": "0.19784000", "time": "2025-07-15T23:32:41.493611Z", "fetched_at": "2025-07-15T23:39:34.144834+00:00", "symbol": "DOGE-USD"}, {"trade_id": 139190533, "side": "buy", "size": "5.60000000", "price": "0.19786000", "time": "2025-07-15T23:32:41.388539Z", "fetched_at": "2025-07-15T23:39:34.144834+00:00", "symbol": "DOGE-USD"}, {"trade_id": 139190532, "side": "buy", "size": "5.60000000", "price": "0.19788000", "time": "2025-07-15T23:32:41.109794Z", "fetched_at": "2025-07-15T23:39:34.144834+00:00", "symbol": "DOGE-USD"}, {"trade_id": 139190531, "side": "buy", "size": "218.40000000", "price": "0.19789000", "time": "2025-07-15T23:32:40.857195Z", "fetched_at": "2025-07-15T23:39:34.144834+00:00", "symbol": "DOGE-USD"}, {"trade_id": 139190530, "side": "buy", "size": "10148.00000000", "price": "0.19790000", "time": "2025-07-15T23:32:39.024881Z", "fetched_at": "2025-07-15T23:39:34.144834+00:00", "symbol": "DOGE-USD"}, {"trade_id": 139190529, "side": "buy", "size": "5.60000000", "price": "0.19790000", "time": "2025-07-15T23:32:39.024881Z", "fetched_at": "2025-07-15T23:39:34.144834+00:00", "symbol": "DOGE-USD"}, {"trade_id": 139190528, "side": "buy", "size": "56.70000000", "price": "0.19792000", "time": "2025-07-15T23:32:39.013606Z", "fetched_at": "2025-07-15T23:39:34.144834+00:00", "symbol": "DOGE-USD"}, {"trade_id": 139190527, "side": "buy", "size": "5.60000000", "price": "0.19792000", "time": "2025-07-15T23:32:39.013606Z", "fetched_at": "2025-07-15T23:39:34.144834+00:00", "symbol": "DOGE-USD"}, {"trade_id": 139190526, "side": "buy", "size": "5.60000000", "price": "0.19794000", "time": "2025-07-15T23:32:37.536260Z", "fetched_at": "2025-07-15T23:39:34.144834+00:00", "symbol": "DOGE-USD"}, {"trade_id": 139190525, "side": "sell", "size": "237.40000000", "price": "0.19795000", "time": "2025-07-15T23:32:35.178202Z", "fetched_at": "2025-07-15T23:39:34.144834+00:00", "symbol": "DOGE-USD"}, {"trade_id": 139190524, "side": "sell", "size": "8.00000000", "price": "0.19795000", "time": "2025-07-15T23:32:35.178202Z", "fetched_at": "2025-07-15T23:39:34.144834+00:00", "symbol": "DOGE-USD"}, {"trade_id": 139190523, "side": "buy", "size": "3.00000000", "price": "0.19797000", "time": "2025-07-15T23:32:34.484003Z", "fetched_at": "2025-07-15T23:39:34.144834+00:00", "symbol": "DOGE-USD"}, {"trade_id": 139190522, "side": "sell", "size": "57.90000000", "price": "0.19799000", "time": "2025-07-15T23:32:33.006445Z", "fetched_at": "2025-07-15T23:39:34.144834+00:00", "symbol": "DOGE-USD"}, {"trade_id": 139190521, "side": "sell", "size": "2442.60000000", "price": "0.19799000", "time": "2025-07-15T23:32:33.006445Z", "fetched_at": "2025-07-15T23:39:34.144834+00:00", "symbol": "DOGE-USD"}, {"trade_id": 139190520, "side": "sell", "size": "2440.20000000", "price": "0.19799000", "time": "2025-07-15T23:32:31.814158Z", "fetched_at": "2025-07-15T23:39:34.144834+00:00", "symbol": "DOGE-USD"}, {"trade_id": 139190519, "side": "sell", "size": "5.60000000", "price": "0.19798000", "time": "2025-07-15T23:32:31.814158Z", "fetched_at": "2025-07-15T23:39:34.144834+00:00", "symbol": "DOGE-USD"}, {"trade_id": 139190518, "side": "sell", "size": "5.60000000", "price": "0.19798000", "time": "2025-07-15T23:32:31.814158Z", "fetched_at": "2025-07-15T23:39:34.144834+00:00", "symbol": "DOGE-USD"}, {"trade_id": 139190517, "side": "buy", "size": "13.20000000", "price": "0.19796000", "time": "2025-07-15T23:32:30.343076Z", "fetched_at": "2025-07-15T23:39:34.144834+00:00", "symbol": "DOGE-USD"}, {"trade_id": 139190516, "side": "buy", "size": "500.90000000", "price": "0.19797000", "time": "2025-07-15T23:32:27.182124Z", "fetched_at": "2025-07-15T23:39:34.144834+00:00", "symbol": "DOGE-USD"}, {"trade_id": 139190515, "side": "sell", "size": "1325.60000000", "price": "0.19797000", "time": "2025-07-15T23:32:26.182131Z", "fetched_at": "2025-07-15T23:39:34.144834+00:00", "symbol": "DOGE-USD"}, {"trade_id": 139190514, "side": "sell", "size": "1881.10000000", "price": "0.19797000", "time": "2025-07-15T23:32:26.182131Z", "fetched_at": "2025-07-15T23:39:34.144834+00:00", "symbol": "DOGE-USD"}, {"trade_id": 139190513, "side": "sell", "size": "9406.30000000", "price": "0.19796000", "time": "2025-07-15T23:32:26.180237Z", "fetched_at": "2025-07-15T23:39:34.144834+00:00", "symbol": "DOGE-USD"}, {"trade_id": 139190512, "side": "sell", "size": "4451.90000000", "price": "0.19796000", "time": "2025-07-15T23:32:26.179242Z", "fetched_at": "2025-07-15T23:39:34.144834+00:00", "symbol": "DOGE-USD"}, {"trade_id": 139190511, "side": "sell", "size": "4578.40000000", "price": "0.19796000", "time": "2025-07-15T23:32:26.175614Z", "fetched_at": "2025-07-15T23:39:34.144834+00:00", "symbol": "DOGE-USD"}, {"trade_id": 139190510, "side": "sell", "size": "5.60000000", "price": "0.19796000", "time": "2025-07-15T23:32:26.175614Z", "fetched_at": "2025-07-15T23:39:34.144834+00:00", "symbol": "DOGE-USD"}, {"trade_id": 139190509, "side": "sell", "size": "996.90000000", "price": "0.19795000", "time": "2025-07-15T23:32:26.175614Z", "fetched_at": "2025-07-15T23:39:34.144834+00:00", "symbol": "DOGE-USD"}, {"trade_id": 139190508, "side": "sell", "size": "5.30000000", "price": "0.19794000", "time": "2025-07-15T23:32:26.175614Z", "fetched_at": "2025-07-15T23:39:34.144834+00:00", "symbol": "DOGE-USD"}, {"trade_id": 139190507, "side": "sell", "size": "490.40000000", "price": "0.19795000", "time": "2025-07-15T23:32:24.622273Z", "fetched_at": "2025-07-15T23:39:34.144834+00:00", "symbol": "DOGE-USD"}, {"trade_id": 139190506, "side": "sell", "size": "5.40000000", "price": "0.19794000", "time": "2025-07-15T23:32:24.622273Z", "fetched_at": "2025-07-15T23:39:34.144834+00:00", "symbol": "DOGE-USD"}, {"trade_id": 139190505, "side": "sell", "size": "5.60000000", "price": "0.19794000", "time": "2025-07-15T23:32:24.622273Z", "fetched_at": "2025-07-15T23:39:34.144834+00:00", "symbol": "DOGE-USD"}, {"trade_id": 139190504, "side": "buy", "size": "7.10000000", "price": "0.19793000", "time": "2025-07-15T23:32:19.181012Z", "fetched_at": "2025-07-15T23:39:34.144834+00:00", "symbol": "DOGE-USD"}, {"trade_id": 139190503, "side": "sell", "size": "5.60000000", "price": "0.19792000", "time": "2025-07-15T23:32:18.988938Z", "fetched_at": "2025-07-15T23:39:34.144834+00:00", "symbol": "DOGE-USD"}, {"trade_id": 139190502, "side": "buy", "size": "19.80000000", "price": "0.19791000", "time": "2025-07-15T23:32:18.786865Z", "fetched_at": "2025-07-15T23:39:34.144834+00:00", "symbol": "DOGE-USD"}, {"trade_id": 139190501, "side": "sell", "size": "18436.10000000", "price": "0.19789000", "time": "2025-07-15T23:32:18.612075Z", "fetched_at": "2025-07-15T23:39:34.144834+00:00", "symbol": "DOGE-USD"}, {"trade_id": 139190500, "side": "sell", "size": "18436.10000000", "price": "0.19789000", "time": "2025-07-15T23:32:18.612075Z", "fetched_at": "2025-07-15T23:39:34.144834+00:00", "symbol": "DOGE-USD"}, {"trade_id": 139190499, "side": "buy", "size": "75.50000000", "price": "0.19788000", "time": "2025-07-15T23:32:16.938774Z", "fetched_at": "2025-07-15T23:39:34.144834+00:00", "symbol": "DOGE-USD"}, {"trade_id": 139190498, "side": "buy", "size": "63.20000000", "price": "0.19788000", "time": "2025-07-15T23:32:16.938774Z", "fetched_at": "2025-07-15T23:39:34.144834+00:00", "symbol": "DOGE-USD"}, {"trade_id": 139190497, "side": "buy", "size": "0.80000000", "price": "0.19788000", "time": "2025-07-15T23:32:15.393363Z", "fetched_at": "2025-07-15T23:39:34.144834+00:00", "symbol": "DOGE-USD"}, {"trade_id": 139190496, "side": "buy", "size": "5.00000000", "price": "0.19788000", "time": "2025-07-15T23:32:15.072373Z", "fetched_at": "2025-07-15T23:39:34.144834+00:00", "symbol": "DOGE-USD"}, {"trade_id": 139190495, "side": "sell", "size": "147.20000000", "price": "0.19788000", "time": "2025-07-15T23:32:14.414576Z", "fetched_at": "2025-07-15T23:39:34.144834+00:00", "symbol": "DOGE-USD"}, {"trade_id": 139190494, "side": "buy", "size": "523.60000000", "price": "0.19782000", "time": "2025-07-15T23:32:11.416603Z", "fetched_at": "2025-07-15T23:39:34.144834+00:00", "symbol": "DOGE-USD"}, {"trade_id": 139190493, "side": "buy", "size": "6546.60000000", "price": "0.19783000", "time": "2025-07-15T23:32:11.416603Z", "fetched_at": "2025-07-15T23:39:34.144834+00:00", "symbol": "DOGE-USD"}, {"trade_id": 139190492, "side": "buy", "size": "6907.50000000", "price": "0.19783000", "time": "2025-07-15T23:32:11.416603Z", "fetched_at": "2025-07-15T23:39:34.144834+00:00", "symbol": "DOGE-USD"}, {"trade_id": 139190491, "side": "buy", "size": "4287.50000000", "price": "0.19783000", "time": "2025-07-15T23:32:11.416603Z", "fetched_at": "2025-07-15T23:39:34.144834+00:00", "symbol": "DOGE-USD"}, {"trade_id": 139190490, "side": "buy", "size": "1653.60000000", "price": "0.19783000", "time": "2025-07-15T23:32:11.416603Z", "fetched_at": "2025-07-15T23:39:34.144834+00:00", "symbol": "DOGE-USD"}, {"trade_id": 139190489, "side": "buy", "size": "3409.90000000", "price": "0.19784000", "time": "2025-07-15T23:32:11.416603Z", "fetched_at": "2025-07-15T23:39:34.144834+00:00", "symbol": "DOGE-USD"}, {"trade_id": 139190488, "side": "buy", "size": "2490.90000000", "price": "0.19784000", "time": "2025-07-15T23:32:11.416603Z", "fetched_at": "2025-07-15T23:39:34.144834+00:00", "symbol": "DOGE-USD"}, {"trade_id": 139190487, "side": "buy", "size": "1653.60000000", "price": "0.19784000", "time": "2025-07-15T23:32:11.416603Z", "fetched_at": "2025-07-15T23:39:34.144834+00:00", "symbol": "DOGE-USD"}, {"trade_id": 139190486, "side": "buy", "size": "6907.50000000", "price": "0.19784000", "time": "2025-07-15T23:32:11.416603Z", "fetched_at": "2025-07-15T23:39:34.144834+00:00", "symbol": "DOGE-USD"}, {"trade_id": 139190485, "side": "buy", "size": "4162.00000000", "price": "0.19784000", "time": "2025-07-15T23:32:11.416603Z", "fetched_at": "2025-07-15T23:39:34.144834+00:00", "symbol": "DOGE-USD"}, {"trade_id": 139190484, "side": "buy", "size": "1635.80000000", "price": "0.19784000", "time": "2025-07-15T23:32:11.416603Z", "fetched_at": "2025-07-15T23:39:34.144834+00:00", "symbol": "DOGE-USD"}, {"trade_id": 139190483, "side": "buy", "size": "5.60000000", "price": "0.19784000", "time": "2025-07-15T23:32:11.416603Z", "fetched_at": "2025-07-15T23:39:34.144834+00:00", "symbol": "DOGE-USD"}, {"trade_id": 139190482, "side": "buy", "size": "3704.90000000", "price": "0.19785000", "time": "2025-07-15T23:32:11.416603Z", "fetched_at": "2025-07-15T23:39:34.144834+00:00", "symbol": "DOGE-USD"}, {"trade_id": 139190481, "side": "buy", "size": "1862.50000000", "price": "0.19785000", "time": "2025-07-15T23:32:11.416603Z", "fetched_at": "2025-07-15T23:39:34.144834+00:00", "symbol": "DOGE-USD"}, {"trade_id": 139190480, "side": "buy", "size": "1653.60000000", "price": "0.19785000", "time": "2025-07-15T23:32:11.416603Z", "fetched_at": "2025-07-15T23:39:34.144834+00:00", "symbol": "DOGE-USD"}, {"trade_id": 139190479, "side": "buy", "size": "1593.00000000", "price": "0.19785000", "time": "2025-07-15T23:32:11.416603Z", "fetched_at": "2025-07-15T23:39:34.144834+00:00", "symbol": "DOGE-USD"}, {"trade_id": 139190478, "side": "buy", "size": "1488.00000000", "price": "0.19786000", "time": "2025-07-15T23:32:11.416603Z", "fetched_at": "2025-07-15T23:39:34.144834+00:00", "symbol": "DOGE-USD"}, {"trade_id": 139190477, "side": "buy", "size": "56.70000000", "price": "0.19786000", "time": "2025-07-15T23:32:11.416603Z", "fetched_at": "2025-07-15T23:39:34.144834+00:00", "symbol": "DOGE-USD"}, {"trade_id": 139190476, "side": "buy", "size": "5.60000000", "price": "0.19786000", "time": "2025-07-15T23:32:11.416603Z", "fetched_at": "2025-07-15T23:39:34.144834+00:00", "symbol": "DOGE-USD"}, {"trade_id": 139190475, "side": "sell", "size": "23.90000000", "price": "0.19791000", "time": "2025-07-15T23:32:11.142279Z", "fetched_at": "2025-07-15T23:39:34.144834+00:00", "symbol": "DOGE-USD"}, {"trade_id": 139190474, "side": "sell", "size": "439.20000000", "price": "0.19787000", "time": "2025-07-15T23:32:10.666683Z", "fetched_at": "2025-07-15T23:39:34.144834+00:00", "symbol": "DOGE-USD"}, {"trade_id": 139190473, "side": "buy", "size": "3510.10000000", "price": "0.19788000", "time": "2025-07-15T23:32:10.661238Z", "fetched_at": "2025-07-15T23:39:34.144834+00:00", "symbol": "DOGE-USD"}, {"trade_id": 139190472, "side": "buy", "size": "1593.00000000", "price": "0.19788000", "time": "2025-07-15T23:32:10.661238Z", "fetched_at": "2025-07-15T23:39:34.144834+00:00", "symbol": "DOGE-USD"}, {"trade_id": 139190471, "side": "buy", "size": "1593.00000000", "price": "0.19790000", "time": "2025-07-15T23:32:10.661063Z", "fetched_at": "2025-07-15T23:39:34.144834+00:00", "symbol": "DOGE-USD"}, {"trade_id": 139190470, "side": "buy", "size": "56.70000000", "price": "0.19791000", "time": "2025-07-15T23:32:10.660996Z", "fetched_at": "2025-07-15T23:39:34.144834+00:00", "symbol": "DOGE-USD"}, {"trade_id": 139190469, "side": "sell", "size": "245.30000000", "price": "0.19794000", "time": "2025-07-15T23:32:10.474911Z", "fetched_at": "2025-07-15T23:39:34.144834+00:00", "symbol": "DOGE-USD"}, {"trade_id": 139190468, "side": "sell", "size": "439.20000000", "price": "0.19789000", "time": "2025-07-15T23:32:07.404131Z", "fetched_at": "2025-07-15T23:39:34.144834+00:00", "symbol": "DOGE-USD"}, {"trade_id": 139190467, "side": "buy", "size": "2500.00000000", "price": "0.19787000", "time": "2025-07-15T23:32:07.397586Z", "fetched_at": "2025-07-15T23:39:34.144834+00:00", "symbol": "DOGE-USD"}, {"trade_id": 139190466, "side": "buy", "size": "4702.90000000", "price": "0.19787000", "time": "2025-07-15T23:32:07.397586Z", "fetched_at": "2025-07-15T23:39:34.144834+00:00", "symbol": "DOGE-USD"}, {"trade_id": 139190465, "side": "buy", "size": "2515.10000000", "price": "0.19787000", "time": "2025-07-15T23:32:07.397586Z", "fetched_at": "2025-07-15T23:39:34.144834+00:00", "symbol": "DOGE-USD"}, {"trade_id": 139190464, "side": "buy", "size": "4127.70000000", "price": "0.19787000", "time": "2025-07-15T23:32:07.397586Z", "fetched_at": "2025-07-15T23:39:34.144834+00:00", "symbol": "DOGE-USD"}, {"trade_id": 139190463, "side": "buy", "size": "1653.60000000", "price": "0.19787000", "time": "2025-07-15T23:32:07.397586Z", "fetched_at": "2025-07-15T23:39:34.144834+00:00", "symbol": "DOGE-USD"}, {"trade_id": 139190462, "side": "buy", "size": "1593.00000000", "price": "0.19787000", "time": "2025-07-15T23:32:07.397586Z", "fetched_at": "2025-07-15T23:39:34.144834+00:00", "symbol": "DOGE-USD"}