[{"trade_id": 139013967, "side": "sell", "size": "288.90000000", "price": "0.19800000", "time": "2025-07-14T19:10:44.142214Z", "fetched_at": "2025-07-14T19:10:50.247360+00:00", "symbol": "DOGE-USD"}, {"trade_id": 139013966, "side": "buy", "size": "8.60000000", "price": "0.19798000", "time": "2025-07-14T19:10:43.195483Z", "fetched_at": "2025-07-14T19:10:50.247360+00:00", "symbol": "DOGE-USD"}, {"trade_id": 139013965, "side": "buy", "size": "15.20000000", "price": "0.19799000", "time": "2025-07-14T19:10:43.195483Z", "fetched_at": "2025-07-14T19:10:50.247360+00:00", "symbol": "DOGE-USD"}, {"trade_id": 139013964, "side": "buy", "size": "5.60000000", "price": "0.19800000", "time": "2025-07-14T19:10:43.195483Z", "fetched_at": "2025-07-14T19:10:50.247360+00:00", "symbol": "DOGE-USD"}, {"trade_id": 139013963, "side": "sell", "size": "1322.50000000", "price": "0.19801000", "time": "2025-07-14T19:10:42.527568Z", "fetched_at": "2025-07-14T19:10:50.247360+00:00", "symbol": "DOGE-USD"}, {"trade_id": 139013962, "side": "sell", "size": "810.00000000", "price": "0.19801000", "time": "2025-07-14T19:10:42.527568Z", "fetched_at": "2025-07-14T19:10:50.247360+00:00", "symbol": "DOGE-USD"}, {"trade_id": 139013961, "side": "sell", "size": "286.80000000", "price": "0.19801000", "time": "2025-07-14T19:10:42.527568Z", "fetched_at": "2025-07-14T19:10:50.247360+00:00", "symbol": "DOGE-USD"}, {"trade_id": 139013960, "side": "sell", "size": "291.80000000", "price": "0.19801000", "time": "2025-07-14T19:10:42.527568Z", "fetched_at": "2025-07-14T19:10:50.247360+00:00", "symbol": "DOGE-USD"}, {"trade_id": 139013959, "side": "sell", "size": "288.90000000", "price": "0.19801000", "time": "2025-07-14T19:10:42.527568Z", "fetched_at": "2025-07-14T19:10:50.247360+00:00", "symbol": "DOGE-USD"}, {"trade_id": 139013958, "side": "buy", "size": "1445.50000000", "price": "0.19804000", "time": "2025-07-14T19:10:42.095726Z", "fetched_at": "2025-07-14T19:10:50.247360+00:00", "symbol": "DOGE-USD"}, {"trade_id": 139013957, "side": "buy", "size": "5.60000000", "price": "0.19804000", "time": "2025-07-14T19:10:42.095726Z", "fetched_at": "2025-07-14T19:10:50.247360+00:00", "symbol": "DOGE-USD"}, {"trade_id": 139013956, "side": "sell", "size": "166.10000000", "price": "0.19805000", "time": "2025-07-14T19:10:41.057229Z", "fetched_at": "2025-07-14T19:10:50.247360+00:00", "symbol": "DOGE-USD"}, {"trade_id": 139013955, "side": "buy", "size": "5.60000000", "price": "0.19806000", "time": "2025-07-14T19:10:40.338511Z", "fetched_at": "2025-07-14T19:10:50.247360+00:00", "symbol": "DOGE-USD"}, {"trade_id": 139013954, "side": "buy", "size": "5.60000000", "price": "0.19808000", "time": "2025-07-14T19:10:40.053281Z", "fetched_at": "2025-07-14T19:10:50.247360+00:00", "symbol": "DOGE-USD"}, {"trade_id": 139013953, "side": "buy", "size": "5.60000000", "price": "0.19810000", "time": "2025-07-14T19:10:39.760311Z", "fetched_at": "2025-07-14T19:10:50.247360+00:00", "symbol": "DOGE-USD"}, {"trade_id": 139013952, "side": "buy", "size": "5.60000000", "price": "0.19812000", "time": "2025-07-14T19:10:39.561795Z", "fetched_at": "2025-07-14T19:10:50.247360+00:00", "symbol": "DOGE-USD"}, {"trade_id": 139013951, "side": "buy", "size": "5.60000000", "price": "0.19814000", "time": "2025-07-14T19:10:39.502040Z", "fetched_at": "2025-07-14T19:10:50.247360+00:00", "symbol": "DOGE-USD"}, {"trade_id": 139013950, "side": "buy", "size": "5.60000000", "price": "0.19816000", "time": "2025-07-14T19:10:39.322957Z", "fetched_at": "2025-07-14T19:10:50.247360+00:00", "symbol": "DOGE-USD"}, {"trade_id": 139013949, "side": "buy", "size": "5.60000000", "price": "0.19818000", "time": "2025-07-14T19:10:39.001429Z", "fetched_at": "2025-07-14T19:10:50.247360+00:00", "symbol": "DOGE-USD"}, {"trade_id": 139013948, "side": "buy", "size": "5.60000000", "price": "0.19820000", "time": "2025-07-14T19:10:38.469809Z", "fetched_at": "2025-07-14T19:10:50.247360+00:00", "symbol": "DOGE-USD"}, {"trade_id": 139013947, "side": "buy", "size": "5.60000000", "price": "0.19822000", "time": "2025-07-14T19:10:38.283523Z", "fetched_at": "2025-07-14T19:10:50.247360+00:00", "symbol": "DOGE-USD"}, {"trade_id": 139013946, "side": "buy", "size": "63.00000000", "price": "0.19824000", "time": "2025-07-14T19:10:37.354390Z", "fetched_at": "2025-07-14T19:10:50.247360+00:00", "symbol": "DOGE-USD"}, {"trade_id": 139013945, "side": "buy", "size": "177.40000000", "price": "0.19824000", "time": "2025-07-14T19:10:37.352847Z", "fetched_at": "2025-07-14T19:10:50.247360+00:00", "symbol": "DOGE-USD"}, {"trade_id": 139013944, "side": "buy", "size": "5.60000000", "price": "0.19824000", "time": "2025-07-14T19:10:37.352847Z", "fetched_at": "2025-07-14T19:10:50.247360+00:00", "symbol": "DOGE-USD"}, {"trade_id": 139013943, "side": "sell", "size": "81.50000000", "price": "0.19825000", "time": "2025-07-14T19:10:36.407187Z", "fetched_at": "2025-07-14T19:10:50.247360+00:00", "symbol": "DOGE-USD"}, {"trade_id": 139013942, "side": "sell", "size": "38.00000000", "price": "0.19825000", "time": "2025-07-14T19:10:36.407187Z", "fetched_at": "2025-07-14T19:10:50.247360+00:00", "symbol": "DOGE-USD"}, {"trade_id": 139013941, "side": "sell", "size": "250.90000000", "price": "0.19825000", "time": "2025-07-14T19:10:34.772943Z", "fetched_at": "2025-07-14T19:10:50.247360+00:00", "symbol": "DOGE-USD"}, {"trade_id": 139013940, "side": "sell", "size": "239.00000000", "price": "0.19825000", "time": "2025-07-14T19:10:34.772943Z", "fetched_at": "2025-07-14T19:10:50.247360+00:00", "symbol": "DOGE-USD"}, {"trade_id": 139013939, "side": "sell", "size": "47.80000000", "price": "0.19825000", "time": "2025-07-14T19:10:34.339026Z", "fetched_at": "2025-07-14T19:10:50.247360+00:00", "symbol": "DOGE-USD"}, {"trade_id": 139013938, "side": "buy", "size": "5.60000000", "price": "0.19826000", "time": "2025-07-14T19:10:34.038749Z", "fetched_at": "2025-07-14T19:10:50.247360+00:00", "symbol": "DOGE-USD"}, {"trade_id": 139013937, "side": "buy", "size": "5.60000000", "price": "0.19828000", "time": "2025-07-14T19:10:33.937200Z", "fetched_at": "2025-07-14T19:10:50.247360+00:00", "symbol": "DOGE-USD"}, {"trade_id": 139013936, "side": "sell", "size": "83.80000000", "price": "0.19829000", "time": "2025-07-14T19:10:32.535398Z", "fetched_at": "2025-07-14T19:10:50.247360+00:00", "symbol": "DOGE-USD"}, {"trade_id": 139013935, "side": "buy", "size": "5.60000000", "price": "0.19830000", "time": "2025-07-14T19:10:32.393043Z", "fetched_at": "2025-07-14T19:10:50.247360+00:00", "symbol": "DOGE-USD"}, {"trade_id": 139013934, "side": "buy", "size": "5.60000000", "price": "0.19832000", "time": "2025-07-14T19:10:32.278959Z", "fetched_at": "2025-07-14T19:10:50.247360+00:00", "symbol": "DOGE-USD"}, {"trade_id": 139013933, "side": "sell", "size": "9.60000000", "price": "0.19833000", "time": "2025-07-14T19:10:29.187977Z", "fetched_at": "2025-07-14T19:10:50.247360+00:00", "symbol": "DOGE-USD"}, {"trade_id": 139013932, "side": "buy", "size": "5.60000000", "price": "0.19834000", "time": "2025-07-14T19:10:27.685013Z", "fetched_at": "2025-07-14T19:10:50.247360+00:00", "symbol": "DOGE-USD"}, {"trade_id": 139013931, "side": "buy", "size": "929.50000000", "price": "0.19834000", "time": "2025-07-14T19:10:27.685013Z", "fetched_at": "2025-07-14T19:10:50.247360+00:00", "symbol": "DOGE-USD"}, {"trade_id": 139013930, "side": "buy", "size": "115.30000000", "price": "0.19836000", "time": "2025-07-14T19:10:19.246350Z", "fetched_at": "2025-07-14T19:10:50.247360+00:00", "symbol": "DOGE-USD"}, {"trade_id": 139013929, "side": "buy", "size": "5.60000000", "price": "0.19836000", "time": "2025-07-14T19:10:19.246350Z", "fetched_at": "2025-07-14T19:10:50.247360+00:00", "symbol": "DOGE-USD"}, {"trade_id": 139013928, "side": "buy", "size": "24.60000000", "price": "0.19837000", "time": "2025-07-14T19:10:19.246350Z", "fetched_at": "2025-07-14T19:10:50.247360+00:00", "symbol": "DOGE-USD"}, {"trade_id": 139013927, "side": "buy", "size": "5.60000000", "price": "0.19838000", "time": "2025-07-14T19:10:19.246350Z", "fetched_at": "2025-07-14T19:10:50.247360+00:00", "symbol": "DOGE-USD"}, {"trade_id": 139013926, "side": "buy", "size": "5.60000000", "price": "0.19840000", "time": "2025-07-14T19:10:18.355537Z", "fetched_at": "2025-07-14T19:10:50.247360+00:00", "symbol": "DOGE-USD"}, {"trade_id": 139013925, "side": "buy", "size": "5.60000000", "price": "0.19842000", "time": "2025-07-14T19:10:16.674984Z", "fetched_at": "2025-07-14T19:10:50.247360+00:00", "symbol": "DOGE-USD"}, {"trade_id": 139013924, "side": "buy", "size": "5.60000000", "price": "0.19844000", "time": "2025-07-14T19:10:16.464103Z", "fetched_at": "2025-07-14T19:10:50.247360+00:00", "symbol": "DOGE-USD"}, {"trade_id": 139013923, "side": "sell", "size": "345.00000000", "price": "0.19845000", "time": "2025-07-14T19:10:16.207699Z", "fetched_at": "2025-07-14T19:10:50.247360+00:00", "symbol": "DOGE-USD"}, {"trade_id": 139013922, "side": "sell", "size": "1366.10000000", "price": "0.19845000", "time": "2025-07-14T19:10:16.207699Z", "fetched_at": "2025-07-14T19:10:50.247360+00:00", "symbol": "DOGE-USD"}, {"trade_id": 139013921, "side": "sell", "size": "288.90000000", "price": "0.19845000", "time": "2025-07-14T19:10:16.207699Z", "fetched_at": "2025-07-14T19:10:50.247360+00:00", "symbol": "DOGE-USD"}, {"trade_id": 139013920, "side": "sell", "size": "288.90000000", "price": "0.19847000", "time": "2025-07-14T19:10:13.355582Z", "fetched_at": "2025-07-14T19:10:50.247360+00:00", "symbol": "DOGE-USD"}, {"trade_id": 139013919, "side": "buy", "size": "915.30000000", "price": "0.19848000", "time": "2025-07-14T19:10:13.143740Z", "fetched_at": "2025-07-14T19:10:50.247360+00:00", "symbol": "DOGE-USD"}, {"trade_id": 139013918, "side": "sell", "size": "71.10000000", "price": "0.19848000", "time": "2025-07-14T19:10:13.014673Z", "fetched_at": "2025-07-14T19:10:50.247360+00:00", "symbol": "DOGE-USD"}, {"trade_id": 139013917, "side": "sell", "size": "48.90000000", "price": "0.19847000", "time": "2025-07-14T19:10:11.188803Z", "fetched_at": "2025-07-14T19:10:50.247360+00:00", "symbol": "DOGE-USD"}, {"trade_id": 139013916, "side": "sell", "size": "71.10000000", "price": "0.19846000", "time": "2025-07-14T19:10:05.353225Z", "fetched_at": "2025-07-14T19:10:50.247360+00:00", "symbol": "DOGE-USD"}, {"trade_id": 139013915, "side": "sell", "size": "100.00000000", "price": "0.19851000", "time": "2025-07-14T19:10:00.722904Z", "fetched_at": "2025-07-14T19:10:50.247360+00:00", "symbol": "DOGE-USD"}, {"trade_id": 139013914, "side": "sell", "size": "5.60000000", "price": "0.19852000", "time": "2025-07-14T19:10:00.162417Z", "fetched_at": "2025-07-14T19:10:50.247360+00:00", "symbol": "DOGE-USD"}, {"trade_id": 139013913, "side": "sell", "size": "5.60000000", "price": "0.19850000", "time": "2025-07-14T19:09:58.398974Z", "fetched_at": "2025-07-14T19:10:50.247360+00:00", "symbol": "DOGE-USD"}, {"trade_id": 139013912, "side": "sell", "size": "5.60000000", "price": "0.19848000", "time": "2025-07-14T19:09:57.007537Z", "fetched_at": "2025-07-14T19:10:50.247360+00:00", "symbol": "DOGE-USD"}, {"trade_id": 139013911, "side": "sell", "size": "71.10000000", "price": "0.19846000", "time": "2025-07-14T19:09:56.500299Z", "fetched_at": "2025-07-14T19:10:50.247360+00:00", "symbol": "DOGE-USD"}, {"trade_id": 139013910, "side": "sell", "size": "5.60000000", "price": "0.19846000", "time": "2025-07-14T19:09:56.500299Z", "fetched_at": "2025-07-14T19:10:50.247360+00:00", "symbol": "DOGE-USD"}, {"trade_id": 139013909, "side": "sell", "size": "5.60000000", "price": "0.19844000", "time": "2025-07-14T19:09:56.444800Z", "fetched_at": "2025-07-14T19:10:50.247360+00:00", "symbol": "DOGE-USD"}, {"trade_id": 139013908, "side": "sell", "size": "5.60000000", "price": "0.19842000", "time": "2025-07-14T19:09:55.100172Z", "fetched_at": "2025-07-14T19:10:50.247360+00:00", "symbol": "DOGE-USD"}, {"trade_id": 139013907, "side": "sell", "size": "5.60000000", "price": "0.19840000", "time": "2025-07-14T19:09:54.782235Z", "fetched_at": "2025-07-14T19:10:50.247360+00:00", "symbol": "DOGE-USD"}, {"trade_id": 139013906, "side": "sell", "size": "5.60000000", "price": "0.19838000", "time": "2025-07-14T19:09:54.603695Z", "fetched_at": "2025-07-14T19:10:50.247360+00:00", "symbol": "DOGE-USD"}, {"trade_id": 139013905, "side": "sell", "size": "71.20000000", "price": "0.19836000", "time": "2025-07-14T19:09:54.518868Z", "fetched_at": "2025-07-14T19:10:50.247360+00:00", "symbol": "DOGE-USD"}, {"trade_id": 139013904, "side": "sell", "size": "5.60000000", "price": "0.19836000", "time": "2025-07-14T19:09:54.518868Z", "fetched_at": "2025-07-14T19:10:50.247360+00:00", "symbol": "DOGE-USD"}, {"trade_id": 139013903, "side": "sell", "size": "5.60000000", "price": "0.19834000", "time": "2025-07-14T19:09:54.498465Z", "fetched_at": "2025-07-14T19:10:50.247360+00:00", "symbol": "DOGE-USD"}, {"trade_id": 139013902, "side": "sell", "size": "5.60000000", "price": "0.19832000", "time": "2025-07-14T19:09:54.372493Z", "fetched_at": "2025-07-14T19:10:50.247360+00:00", "symbol": "DOGE-USD"}, {"trade_id": 139013901, "side": "sell", "size": "5.60000000", "price": "0.19830000", "time": "2025-07-14T19:09:53.061870Z", "fetched_at": "2025-07-14T19:10:50.247360+00:00", "symbol": "DOGE-USD"}, {"trade_id": 139013900, "side": "sell", "size": "279.20000000", "price": "0.19828000", "time": "2025-07-14T19:09:51.542732Z", "fetched_at": "2025-07-14T19:10:50.247360+00:00", "symbol": "DOGE-USD"}, {"trade_id": 139013899, "side": "sell", "size": "17836.20000000", "price": "0.19827000", "time": "2025-07-14T19:09:51.529955Z", "fetched_at": "2025-07-14T19:10:50.247360+00:00", "symbol": "DOGE-USD"}, {"trade_id": 139013898, "side": "sell", "size": "288.90000000", "price": "0.19826000", "time": "2025-07-14T19:09:51.529955Z", "fetched_at": "2025-07-14T19:10:50.247360+00:00", "symbol": "DOGE-USD"}, {"trade_id": 139013897, "side": "buy", "size": "1156.50000000", "price": "0.19826000", "time": "2025-07-14T19:09:45.366291Z", "fetched_at": "2025-07-14T19:10:50.247360+00:00", "symbol": "DOGE-USD"}, {"trade_id": 139013896, "side": "buy", "size": "184.00000000", "price": "0.19826000", "time": "2025-07-14T19:09:44.721848Z", "fetched_at": "2025-07-14T19:10:50.247360+00:00", "symbol": "DOGE-USD"}, {"trade_id": 139013895, "side": "buy", "size": "5.60000000", "price": "0.19826000", "time": "2025-07-14T19:09:44.721848Z", "fetched_at": "2025-07-14T19:10:50.247360+00:00", "symbol": "DOGE-USD"}, {"trade_id": 139013894, "side": "sell", "size": "347.00000000", "price": "0.19827000", "time": "2025-07-14T19:09:44.000988Z", "fetched_at": "2025-07-14T19:10:50.247360+00:00", "symbol": "DOGE-USD"}, {"trade_id": 139013893, "side": "sell", "size": "50.00000000", "price": "0.19827000", "time": "2025-07-14T19:09:43.322726Z", "fetched_at": "2025-07-14T19:10:50.247360+00:00", "symbol": "DOGE-USD"}, {"trade_id": 139013892, "side": "sell", "size": "16.90000000", "price": "0.19827000", "time": "2025-07-14T19:09:43.291155Z", "fetched_at": "2025-07-14T19:10:50.247360+00:00", "symbol": "DOGE-USD"}, {"trade_id": 139013891, "side": "sell", "size": "979.30000000", "price": "0.19827000", "time": "2025-07-14T19:09:43.291155Z", "fetched_at": "2025-07-14T19:10:50.247360+00:00", "symbol": "DOGE-USD"}, {"trade_id": 139013890, "side": "sell", "size": "183.00000000", "price": "0.19827000", "time": "2025-07-14T19:09:43.291155Z", "fetched_at": "2025-07-14T19:10:50.247360+00:00", "symbol": "DOGE-USD"}, {"trade_id": 139013889, "side": "sell", "size": "1517.30000000", "price": "0.19827000", "time": "2025-07-14T19:09:43.291155Z", "fetched_at": "2025-07-14T19:10:50.247360+00:00", "symbol": "DOGE-USD"}, {"trade_id": 139013888, "side": "sell", "size": "1416.20000000", "price": "0.19827000", "time": "2025-07-14T19:09:43.291155Z", "fetched_at": "2025-07-14T19:10:50.247360+00:00", "symbol": "DOGE-USD"}, {"trade_id": 139013887, "side": "sell", "size": "288.90000000", "price": "0.19827000", "time": "2025-07-14T19:09:43.291155Z", "fetched_at": "2025-07-14T19:10:50.247360+00:00", "symbol": "DOGE-USD"}, {"trade_id": 139013886, "side": "buy", "size": "1404.20000000", "price": "0.19828000", "time": "2025-07-14T19:09:36.357384Z", "fetched_at": "2025-07-14T19:10:50.247360+00:00", "symbol": "DOGE-USD"}, {"trade_id": 139013885, "side": "buy", "size": "5.60000000", "price": "0.19828000", "time": "2025-07-14T19:09:36.357384Z", "fetched_at": "2025-07-14T19:10:50.247360+00:00", "symbol": "DOGE-USD"}, {"trade_id": 139013884, "side": "buy", "size": "15.90000000", "price": "0.19829000", "time": "2025-07-14T19:09:36.357384Z", "fetched_at": "2025-07-14T19:10:50.247360+00:00", "symbol": "DOGE-USD"}, {"trade_id": 139013883, "side": "buy", "size": "585.10000000", "price": "0.19829000", "time": "2025-07-14T19:09:36.357384Z", "fetched_at": "2025-07-14T19:10:50.247360+00:00", "symbol": "DOGE-USD"}, {"trade_id": 139013882, "side": "buy", "size": "5.60000000", "price": "0.19830000", "time": "2025-07-14T19:09:36.357384Z", "fetched_at": "2025-07-14T19:10:50.247360+00:00", "symbol": "DOGE-USD"}, {"trade_id": 139013881, "side": "buy", "size": "5.60000000", "price": "0.19832000", "time": "2025-07-14T19:09:34.937946Z", "fetched_at": "2025-07-14T19:10:50.247360+00:00", "symbol": "DOGE-USD"}, {"trade_id": 139013880, "side": "buy", "size": "5.60000000", "price": "0.19834000", "time": "2025-07-14T19:09:32.762349Z", "fetched_at": "2025-07-14T19:10:50.247360+00:00", "symbol": "DOGE-USD"}, {"trade_id": 139013879, "side": "buy", "size": "18255.60000000", "price": "0.19835000", "time": "2025-07-14T19:09:32.615438Z", "fetched_at": "2025-07-14T19:10:50.247360+00:00", "symbol": "DOGE-USD"}, {"trade_id": 139013878, "side": "buy", "size": "5.60000000", "price": "0.19836000", "time": "2025-07-14T19:09:32.615438Z", "fetched_at": "2025-07-14T19:10:50.247360+00:00", "symbol": "DOGE-USD"}, {"trade_id": 139013877, "side": "buy", "size": "5.60000000", "price": "0.19838000", "time": "2025-07-14T19:09:32.573245Z", "fetched_at": "2025-07-14T19:10:50.247360+00:00", "symbol": "DOGE-USD"}, {"trade_id": 139013876, "side": "sell", "size": "636.30000000", "price": "0.19842000", "time": "2025-07-14T19:09:31.637777Z", "fetched_at": "2025-07-14T19:10:50.247360+00:00", "symbol": "DOGE-USD"}, {"trade_id": 139013875, "side": "sell", "size": "71.10000000", "price": "0.19841000", "time": "2025-07-14T19:09:31.637777Z", "fetched_at": "2025-07-14T19:10:50.247360+00:00", "symbol": "DOGE-USD"}, {"trade_id": 139013874, "side": "sell", "size": "1619.80000000", "price": "0.19841000", "time": "2025-07-14T19:09:31.637777Z", "fetched_at": "2025-07-14T19:10:50.247360+00:00", "symbol": "DOGE-USD"}, {"trade_id": 139013873, "side": "sell", "size": "1591.90000000", "price": "0.19841000", "time": "2025-07-14T19:09:31.637777Z", "fetched_at": "2025-07-14T19:10:50.247360+00:00", "symbol": "DOGE-USD"}, {"trade_id": 139013872, "side": "sell", "size": "977.60000000", "price": "0.19840000", "time": "2025-07-14T19:09:31.637777Z", "fetched_at": "2025-07-14T19:10:50.247360+00:00", "symbol": "DOGE-USD"}, {"trade_id": 139013871, "side": "sell", "size": "956.10000000", "price": "0.19841000", "time": "2025-07-14T19:09:30.077957Z", "fetched_at": "2025-07-14T19:10:50.247360+00:00", "symbol": "DOGE-USD"}, {"trade_id": 139013870, "side": "sell", "size": "148.20000000", "price": "0.19841000", "time": "2025-07-14T19:09:25.948656Z", "fetched_at": "2025-07-14T19:10:50.247360+00:00", "symbol": "DOGE-USD"}, {"trade_id": 139013869, "side": "buy", "size": "100.60000000", "price": "0.19839000", "time": "2025-07-14T19:09:23.623790Z", "fetched_at": "2025-07-14T19:10:50.247360+00:00", "symbol": "DOGE-USD"}, {"trade_id": 139013868, "side": "buy", "size": "37.50000000", "price": "0.19840000", "time": "2025-07-14T19:09:23.623790Z", "fetched_at": "2025-07-14T19:10:50.247360+00:00", "symbol": "DOGE-USD"}, {"trade_id": 139013867, "side": "buy", "size": "5.60000000", "price": "0.19840000", "time": "2025-07-14T19:09:23.623790Z", "fetched_at": "2025-07-14T19:10:50.247360+00:00", "symbol": "DOGE-USD"}, {"trade_id": 139013866, "side": "sell", "size": "5.60000000", "price": "0.19844000", "time": "2025-07-14T19:09:16.381945Z", "fetched_at": "2025-07-14T19:10:50.247360+00:00", "symbol": "DOGE-USD"}, {"trade_id": 139013865, "side": "sell", "size": "5.60000000", "price": "0.19842000", "time": "2025-07-14T19:09:15.955351Z", "fetched_at": "2025-07-14T19:10:50.247360+00:00", "symbol": "DOGE-USD"}, {"trade_id": 139013864, "side": "sell", "size": "975.50000000", "price": "0.19841000", "time": "2025-07-14T19:09:15.843174Z", "fetched_at": "2025-07-14T19:10:50.247360+00:00", "symbol": "DOGE-USD"}, {"trade_id": 139013863, "side": "sell", "size": "18266.10000000", "price": "0.19841000", "time": "2025-07-14T19:09:15.843174Z", "fetched_at": "2025-07-14T19:10:50.247360+00:00", "symbol": "DOGE-USD"}, {"trade_id": 139013862, "side": "sell", "size": "5.60000000", "price": "0.19840000", "time": "2025-07-14T19:09:15.843174Z", "fetched_at": "2025-07-14T19:10:50.247360+00:00", "symbol": "DOGE-USD"}, {"trade_id": 139013861, "side": "sell", "size": "5.60000000", "price": "0.19838000", "time": "2025-07-14T19:09:14.772398Z", "fetched_at": "2025-07-14T19:10:50.247360+00:00", "symbol": "DOGE-USD"}, {"trade_id": 139013860, "side": "buy", "size": "144.20000000", "price": "0.19837000", "time": "2025-07-14T19:09:13.635132Z", "fetched_at": "2025-07-14T19:10:50.247360+00:00", "symbol": "DOGE-USD"}, {"trade_id": 139013859, "side": "sell", "size": "5.60000000", "price": "0.19838000", "time": "2025-07-14T19:09:10.480658Z", "fetched_at": "2025-07-14T19:10:50.247360+00:00", "symbol": "DOGE-USD"}, {"trade_id": 139013858, "side": "sell", "size": "5.60000000", "price": "0.19836000", "time": "2025-07-14T19:09:07.809622Z", "fetched_at": "2025-07-14T19:10:50.247360+00:00", "symbol": "DOGE-USD"}, {"trade_id": 139013857, "side": "sell", "size": "5.60000000", "price": "0.19832000", "time": "2025-07-14T19:09:04.452435Z", "fetched_at": "2025-07-14T19:10:50.247360+00:00", "symbol": "DOGE-USD"}, {"trade_id": 139013856, "side": "sell", "size": "71.20000000", "price": "0.19827000", "time": "2025-07-14T19:09:03.242323Z", "fetched_at": "2025-07-14T19:10:50.247360+00:00", "symbol": "DOGE-USD"}, {"trade_id": 139013855, "side": "sell", "size": "700.00000000", "price": "0.19826000", "time": "2025-07-14T19:09:03.242323Z", "fetched_at": "2025-07-14T19:10:50.247360+00:00", "symbol": "DOGE-USD"}, {"trade_id": 139013854, "side": "sell", "size": "5.60000000", "price": "0.19824000", "time": "2025-07-14T19:09:03.242323Z", "fetched_at": "2025-07-14T19:10:50.247360+00:00", "symbol": "DOGE-USD"}, {"trade_id": 139013853, "side": "sell", "size": "288.90000000", "price": "0.19819000", "time": "2025-07-14T19:09:02.552162Z", "fetched_at": "2025-07-14T19:10:50.247360+00:00", "symbol": "DOGE-USD"}, {"trade_id": 139013852, "side": "sell", "size": "789.70000000", "price": "0.19822000", "time": "2025-07-14T19:09:01.445479Z", "fetched_at": "2025-07-14T19:10:50.247360+00:00", "symbol": "DOGE-USD"}, {"trade_id": 139013851, "side": "buy", "size": "153.90000000", "price": "0.19820000", "time": "2025-07-14T19:09:01.321877Z", "fetched_at": "2025-07-14T19:10:50.247360+00:00", "symbol": "DOGE-USD"}, {"trade_id": 139013850, "side": "buy", "size": "5.60000000", "price": "0.19820000", "time": "2025-07-14T19:09:01.321877Z", "fetched_at": "2025-07-14T19:10:50.247360+00:00", "symbol": "DOGE-USD"}, {"trade_id": 139013849, "side": "buy", "size": "24.50000000", "price": "0.19821000", "time": "2025-07-14T19:09:01.321877Z", "fetched_at": "2025-07-14T19:10:50.247360+00:00", "symbol": "DOGE-USD"}, {"trade_id": 139013848, "side": "buy", "size": "5.60000000", "price": "0.19824000", "time": "2025-07-14T19:08:59.824384Z", "fetched_at": "2025-07-14T19:10:50.247360+00:00", "symbol": "DOGE-USD"}, {"trade_id": 139013847, "side": "buy", "size": "607.60000000", "price": "0.19826000", "time": "2025-07-14T19:08:59.425085Z", "fetched_at": "2025-07-14T19:10:50.247360+00:00", "symbol": "DOGE-USD"}, {"trade_id": 139013846, "side": "buy", "size": "5.60000000", "price": "0.19826000", "time": "2025-07-14T19:08:59.425085Z", "fetched_at": "2025-07-14T19:10:50.247360+00:00", "symbol": "DOGE-USD"}, {"trade_id": 139013845, "side": "buy", "size": "5.60000000", "price": "0.19828000", "time": "2025-07-14T19:08:59.354117Z", "fetched_at": "2025-07-14T19:10:50.247360+00:00", "symbol": "DOGE-USD"}, {"trade_id": 139013844, "side": "buy", "size": "965.80000000", "price": "0.19830000", "time": "2025-07-14T19:08:59.207799Z", "fetched_at": "2025-07-14T19:10:50.247360+00:00", "symbol": "DOGE-USD"}, {"trade_id": 139013843, "side": "buy", "size": "5.60000000", "price": "0.19830000", "time": "2025-07-14T19:08:59.207799Z", "fetched_at": "2025-07-14T19:10:50.247360+00:00", "symbol": "DOGE-USD"}, {"trade_id": 139013842, "side": "buy", "size": "48.30000000", "price": "0.19830000", "time": "2025-07-14T19:08:56.670707Z", "fetched_at": "2025-07-14T19:10:50.247360+00:00", "symbol": "DOGE-USD"}, {"trade_id": 139013841, "side": "buy", "size": "29.70000000", "price": "0.19832000", "time": "2025-07-14T19:08:56.670707Z", "fetched_at": "2025-07-14T19:10:50.247360+00:00", "symbol": "DOGE-USD"}, {"trade_id": 139013840, "side": "buy", "size": "5.60000000", "price": "0.19832000", "time": "2025-07-14T19:08:56.670707Z", "fetched_at": "2025-07-14T19:10:50.247360+00:00", "symbol": "DOGE-USD"}, {"trade_id": 139013839, "side": "buy", "size": "5.60000000", "price": "0.19834000", "time": "2025-07-14T19:08:56.670707Z", "fetched_at": "2025-07-14T19:10:50.247360+00:00", "symbol": "DOGE-USD"}, {"trade_id": 139013838, "side": "buy", "size": "5.60000000", "price": "0.19836000", "time": "2025-07-14T19:08:56.443901Z", "fetched_at": "2025-07-14T19:10:50.247360+00:00", "symbol": "DOGE-USD"}, {"trade_id": 139013837, "side": "sell", "size": "975.50000000", "price": "0.19838000", "time": "2025-07-14T19:08:55.515885Z", "fetched_at": "2025-07-14T19:10:50.247360+00:00", "symbol": "DOGE-USD"}, {"trade_id": 139013836, "side": "sell", "size": "249.20000000", "price": "0.19838000", "time": "2025-07-14T19:08:55.211106Z", "fetched_at": "2025-07-14T19:10:50.247360+00:00", "symbol": "DOGE-USD"}, {"trade_id": 139013835, "side": "sell", "size": "4.40000000", "price": "0.19841000", "time": "2025-07-14T19:08:49.320093Z", "fetched_at": "2025-07-14T19:10:50.247360+00:00", "symbol": "DOGE-USD"}, {"trade_id": 139013834, "side": "sell", "size": "433.30000000", "price": "0.19840000", "time": "2025-07-14T19:08:49.320093Z", "fetched_at": "2025-07-14T19:10:50.247360+00:00", "symbol": "DOGE-USD"}, {"trade_id": 139013833, "side": "buy", "size": "10000.00000000", "price": "0.19838000", "time": "2025-07-14T19:08:49.318374Z", "fetched_at": "2025-07-14T19:10:50.247360+00:00", "symbol": "DOGE-USD"}, {"trade_id": 139013832, "side": "buy", "size": "3985.00000000", "price": "0.19838000", "time": "2025-07-14T19:08:49.318374Z", "fetched_at": "2025-07-14T19:10:50.247360+00:00", "symbol": "DOGE-USD"}, {"trade_id": 139013831, "side": "buy", "size": "1591.90000000", "price": "0.19838000", "time": "2025-07-14T19:08:49.318374Z", "fetched_at": "2025-07-14T19:10:50.247360+00:00", "symbol": "DOGE-USD"}, {"trade_id": 139013830, "side": "buy", "size": "5.60000000", "price": "0.19838000", "time": "2025-07-14T19:08:49.318374Z", "fetched_at": "2025-07-14T19:10:50.247360+00:00", "symbol": "DOGE-USD"}, {"trade_id": 139013829, "side": "buy", "size": "4186.70000000", "price": "0.19839000", "time": "2025-07-14T19:08:49.317806Z", "fetched_at": "2025-07-14T19:10:50.247360+00:00", "symbol": "DOGE-USD"}, {"trade_id": 139013828, "side": "buy", "size": "4517.20000000", "price": "0.19839000", "time": "2025-07-14T19:08:49.317806Z", "fetched_at": "2025-07-14T19:10:50.247360+00:00", "symbol": "DOGE-USD"}, {"trade_id": 139013827, "side": "buy", "size": "7303.30000000", "price": "0.19839000", "time": "2025-07-14T19:08:49.317806Z", "fetched_at": "2025-07-14T19:10:50.247360+00:00", "symbol": "DOGE-USD"}, {"trade_id": 139013826, "side": "buy", "size": "5588.80000000", "price": "0.19839000", "time": "2025-07-14T19:08:49.317806Z", "fetched_at": "2025-07-14T19:10:50.247360+00:00", "symbol": "DOGE-USD"}, {"trade_id": 139013825, "side": "buy", "size": "1591.90000000", "price": "0.19839000", "time": "2025-07-14T19:08:49.317806Z", "fetched_at": "2025-07-14T19:10:50.247360+00:00", "symbol": "DOGE-USD"}, {"trade_id": 139013824, "side": "buy", "size": "11780.70000000", "price": "0.19840000", "time": "2025-07-14T19:08:49.316407Z", "fetched_at": "2025-07-14T19:10:50.247360+00:00", "symbol": "DOGE-USD"}, {"trade_id": 139013823, "side": "buy", "size": "2793.50000000", "price": "0.19840000", "time": "2025-07-14T19:08:49.316407Z", "fetched_at": "2025-07-14T19:10:50.247360+00:00", "symbol": "DOGE-USD"}, {"trade_id": 139013822, "side": "buy", "size": "5629.80000000", "price": "0.19840000", "time": "2025-07-14T19:08:49.316407Z", "fetched_at": "2025-07-14T19:10:50.247360+00:00", "symbol": "DOGE-USD"}, {"trade_id": 139013821, "side": "buy", "size": "3554.40000000", "price": "0.19840000", "time": "2025-07-14T19:08:49.316407Z", "fetched_at": "2025-07-14T19:10:50.247360+00:00", "symbol": "DOGE-USD"}, {"trade_id": 139013820, "side": "buy", "size": "1591.90000000", "price": "0.19840000", "time": "2025-07-14T19:08:49.316407Z", "fetched_at": "2025-07-14T19:10:50.247360+00:00", "symbol": "DOGE-USD"}, {"trade_id": 139013819, "side": "buy", "size": "5.60000000", "price": "0.19840000", "time": "2025-07-14T19:08:49.316407Z", "fetched_at": "2025-07-14T19:10:50.247360+00:00", "symbol": "DOGE-USD"}, {"trade_id": 139013818, "side": "buy", "size": "2484.20000000", "price": "0.19841000", "time": "2025-07-14T19:08:49.316407Z", "fetched_at": "2025-07-14T19:10:50.247360+00:00", "symbol": "DOGE-USD"}, {"trade_id": 139013817, "side": "buy", "size": "4523.80000000", "price": "0.19841000", "time": "2025-07-14T19:08:49.316407Z", "fetched_at": "2025-07-14T19:10:50.247360+00:00", "symbol": "DOGE-USD"}, {"trade_id": 139013816, "side": "buy", "size": "5.60000000", "price": "0.19842000", "time": "2025-07-14T19:08:49.316407Z", "fetched_at": "2025-07-14T19:10:50.247360+00:00", "symbol": "DOGE-USD"}, {"trade_id": 139013815, "side": "buy", "size": "2500.00000000", "price": "0.19843000", "time": "2025-07-14T19:08:49.316407Z", "fetched_at": "2025-07-14T19:10:50.247360+00:00", "symbol": "DOGE-USD"}, {"trade_id": 139013814, "side": "buy", "size": "1318.40000000", "price": "0.19843000", "time": "2025-07-14T19:08:49.316407Z", "fetched_at": "2025-07-14T19:10:50.247360+00:00", "symbol": "DOGE-USD"}, {"trade_id": 139013813, "side": "buy", "size": "810.00000000", "price": "0.19843000", "time": "2025-07-14T19:08:49.316407Z", "fetched_at": "2025-07-14T19:10:50.247360+00:00", "symbol": "DOGE-USD"}, {"trade_id": 139013812, "side": "buy", "size": "1865.90000000", "price": "0.19844000", "time": "2025-07-14T19:08:49.314991Z", "fetched_at": "2025-07-14T19:10:50.247360+00:00", "symbol": "DOGE-USD"}, {"trade_id": 139013811, "side": "buy", "size": "4422.70000000", "price": "0.19845000", "time": "2025-07-14T19:08:49.314746Z", "fetched_at": "2025-07-14T19:10:50.247360+00:00", "symbol": "DOGE-USD"}, {"trade_id": 139013810, "side": "buy", "size": "5227.70000000", "price": "0.19845000", "time": "2025-07-14T19:08:49.314746Z", "fetched_at": "2025-07-14T19:10:50.247360+00:00", "symbol": "DOGE-USD"}, {"trade_id": 139013809, "side": "buy", "size": "11415.10000000", "price": "0.19845000", "time": "2025-07-14T19:08:49.314649Z", "fetched_at": "2025-07-14T19:10:50.247360+00:00", "symbol": "DOGE-USD"}, {"trade_id": 139013808, "side": "buy", "size": "1618.00000000", "price": "0.19845000", "time": "2025-07-14T19:08:49.314488Z", "fetched_at": "2025-07-14T19:10:50.247360+00:00", "symbol": "DOGE-USD"}, {"trade_id": 139013807, "side": "buy", "size": "873.40000000", "price": "0.19845000", "time": "2025-07-14T19:08:49.314488Z", "fetched_at": "2025-07-14T19:10:50.247360+00:00", "symbol": "DOGE-USD"}, {"trade_id": 139013806, "side": "buy", "size": "718.50000000", "price": "0.19845000", "time": "2025-07-14T19:08:49.314455Z", "fetched_at": "2025-07-14T19:10:50.247360+00:00", "symbol": "DOGE-USD"}, {"trade_id": 139013805, "side": "buy", "size": "3216.50000000", "price": "0.19845000", "time": "2025-07-14T19:08:49.314455Z", "fetched_at": "2025-07-14T19:10:50.247360+00:00", "symbol": "DOGE-USD"}, {"trade_id": 139013804, "side": "buy", "size": "940.70000000", "price": "0.19845000", "time": "2025-07-14T19:08:49.314455Z", "fetched_at": "2025-07-14T19:10:50.247360+00:00", "symbol": "DOGE-USD"}, {"trade_id": 139013803, "side": "buy", "size": "975.50000000", "price": "0.19846000", "time": "2025-07-14T19:08:49.314112Z", "fetched_at": "2025-07-14T19:10:50.247360+00:00", "symbol": "DOGE-USD"}, {"trade_id": 139013802, "side": "buy", "size": "9884.90000000", "price": "0.19846000", "time": "2025-07-14T19:08:49.314112Z", "fetched_at": "2025-07-14T19:10:50.247360+00:00", "symbol": "DOGE-USD"}, {"trade_id": 139013801, "side": "buy", "size": "995.30000000", "price": "0.19846000", "time": "2025-07-14T19:08:49.314112Z", "fetched_at": "2025-07-14T19:10:50.247360+00:00", "symbol": "DOGE-USD"}, {"trade_id": 139013800, "side": "buy", "size": "1303.10000000", "price": "0.19846000", "time": "2025-07-14T19:08:49.313931Z", "fetched_at": "2025-07-14T19:10:50.247360+00:00", "symbol": "DOGE-USD"}, {"trade_id": 139013799, "side": "buy", "size": "1591.90000000", "price": "0.19846000", "time": "2025-07-14T19:08:49.313931Z", "fetched_at": "2025-07-14T19:10:50.247360+00:00", "symbol": "DOGE-USD"}, {"trade_id": 139013798, "side": "buy", "size": "15.20000000", "price": "0.19847000", "time": "2025-07-14T19:08:49.313931Z", "fetched_at": "2025-07-14T19:10:50.247360+00:00", "symbol": "DOGE-USD"}, {"trade_id": 139013797, "side": "sell", "size": "5.60000000", "price": "0.19850000", "time": "2025-07-14T19:08:45.929549Z", "fetched_at": "2025-07-14T19:10:50.247360+00:00", "symbol": "DOGE-USD"}, {"trade_id": 139013796, "side": "sell", "size": "3840.40000000", "price": "0.19846000", "time": "2025-07-14T19:08:45.735535Z", "fetched_at": "2025-07-14T19:10:50.247360+00:00", "symbol": "DOGE-USD"}, {"trade_id": 139013795, "side": "sell", "size": "14420.10000000", "price": "0.19846000", "time": "2025-07-14T19:08:45.725263Z", "fetched_at": "2025-07-14T19:10:50.247360+00:00", "symbol": "DOGE-USD"}, {"trade_id": 139013794, "side": "sell", "size": "215.10000000", "price": "0.19845000", "time": "2025-07-14T19:08:45.725263Z", "fetched_at": "2025-07-14T19:10:50.247360+00:00", "symbol": "DOGE-USD"}, {"trade_id": 139013793, "side": "buy", "size": "5907.80000000", "price": "0.19841000", "time": "2025-07-14T19:08:44.476184Z", "fetched_at": "2025-07-14T19:10:50.247360+00:00", "symbol": "DOGE-USD"}, {"trade_id": 139013792, "side": "buy", "size": "7001.80000000", "price": "0.19841000", "time": "2025-07-14T19:08:44.476184Z", "fetched_at": "2025-07-14T19:10:50.247360+00:00", "symbol": "DOGE-USD"}, {"trade_id": 139013791, "side": "buy", "size": "2612.50000000", "price": "0.19841000", "time": "2025-07-14T19:08:44.476184Z", "fetched_at": "2025-07-14T19:10:50.247360+00:00", "symbol": "DOGE-USD"}, {"trade_id": 139013790, "side": "buy", "size": "1591.90000000", "price": "0.19841000", "time": "2025-07-14T19:08:44.476184Z", "fetched_at": "2025-07-14T19:10:50.247360+00:00", "symbol": "DOGE-USD"}, {"trade_id": 139013789, "side": "buy", "size": "975.50000000", "price": "0.19841000", "time": "2025-07-14T19:08:44.476184Z", "fetched_at": "2025-07-14T19:10:50.247360+00:00", "symbol": "DOGE-USD"}, {"trade_id": 139013788, "side": "buy", "size": "975.50000000", "price": "0.19842000", "time": "2025-07-14T19:08:44.476184Z", "fetched_at": "2025-07-14T19:10:50.247360+00:00", "symbol": "DOGE-USD"}, {"trade_id": 139013787, "side": "buy", "size": "3194.50000000", "price": "0.19842000", "time": "2025-07-14T19:08:44.476184Z", "fetched_at": "2025-07-14T19:10:50.247360+00:00", "symbol": "DOGE-USD"}, {"trade_id": 139013786, "side": "buy", "size": "1591.90000000", "price": "0.19842000", "time": "2025-07-14T19:08:44.476184Z", "fetched_at": "2025-07-14T19:10:50.247360+00:00", "symbol": "DOGE-USD"}, {"trade_id": 139013785, "side": "buy", "size": "810.00000000", "price": "0.19842000", "time": "2025-07-14T19:08:44.476184Z", "fetched_at": "2025-07-14T19:10:50.247360+00:00", "symbol": "DOGE-USD"}, {"trade_id": 139013784, "side": "buy", "size": "5.60000000", "price": "0.19842000", "time": "2025-07-14T19:08:44.476184Z", "fetched_at": "2025-07-14T19:10:50.247360+00:00", "symbol": "DOGE-USD"}, {"trade_id": 139013783, "side": "buy", "size": "1349.60000000", "price": "0.19843000", "time": "2025-07-14T19:08:44.476184Z", "fetched_at": "2025-07-14T19:10:50.247360+00:00", "symbol": "DOGE-USD"}, {"trade_id": 139013782, "side": "buy", "size": "700.00000000", "price": "0.19844000", "time": "2025-07-14T19:08:44.476184Z", "fetched_at": "2025-07-14T19:10:50.247360+00:00", "symbol": "DOGE-USD"}, {"trade_id": 139013781, "side": "buy", "size": "1547.90000000", "price": "0.19844000", "time": "2025-07-14T19:08:44.476184Z", "fetched_at": "2025-07-14T19:10:50.247360+00:00", "symbol": "DOGE-USD"}, {"trade_id": 139013780, "side": "buy", "size": "12.60000000", "price": "0.19844000", "time": "2025-07-14T19:08:44.476184Z", "fetched_at": "2025-07-14T19:10:50.247360+00:00", "symbol": "DOGE-USD"}, {"trade_id": 139013779, "side": "buy", "size": "64.90000000", "price": "0.19844000", "time": "2025-07-14T19:08:43.110872Z", "fetched_at": "2025-07-14T19:10:50.247360+00:00", "symbol": "DOGE-USD"}, {"trade_id": 139013778, "side": "buy", "size": "18.50000000", "price": "0.19844000", "time": "2025-07-14T19:08:43.110872Z", "fetched_at": "2025-07-14T19:10:50.247360+00:00", "symbol": "DOGE-USD"}, {"trade_id": 139013777, "side": "buy", "size": "5.60000000", "price": "0.19844000", "time": "2025-07-14T19:08:43.110872Z", "fetched_at": "2025-07-14T19:10:50.247360+00:00", "symbol": "DOGE-USD"}, {"trade_id": 139013776, "side": "buy", "size": "3981.90000000", "price": "0.19846000", "time": "2025-07-14T19:08:42.519774Z", "fetched_at": "2025-07-14T19:10:50.247360+00:00", "symbol": "DOGE-USD"}, {"trade_id": 139013775, "side": "buy", "size": "14280.00000000", "price": "0.19846000", "time": "2025-07-14T19:08:42.519530Z", "fetched_at": "2025-07-14T19:10:50.247360+00:00", "symbol": "DOGE-USD"}, {"trade_id": 139013774, "side": "buy", "size": "5.60000000", "price": "0.19846000", "time": "2025-07-14T19:08:42.519530Z", "fetched_at": "2025-07-14T19:10:50.247360+00:00", "symbol": "DOGE-USD"}, {"trade_id": 139013773, "side": "buy", "size": "18.90000000", "price": "0.19847000", "time": "2025-07-14T19:08:42.519530Z", "fetched_at": "2025-07-14T19:10:50.247360+00:00", "symbol": "DOGE-USD"}, {"trade_id": 139013772, "side": "buy", "size": "38.20000000", "price": "0.19847000", "time": "2025-07-14T19:08:40.891190Z", "fetched_at": "2025-07-14T19:10:50.247360+00:00", "symbol": "DOGE-USD"}, {"trade_id": 139013771, "side": "buy", "size": "12.10000000", "price": "0.19848000", "time": "2025-07-14T19:08:40.891190Z", "fetched_at": "2025-07-14T19:10:50.247360+00:00", "symbol": "DOGE-USD"}, {"trade_id": 139013770, "side": "buy", "size": "1514.70000000", "price": "0.19847000", "time": "2025-07-14T19:08:39.192092Z", "fetched_at": "2025-07-14T19:10:50.247360+00:00", "symbol": "DOGE-USD"}, {"trade_id": 139013769, "side": "buy", "size": "15.90000000", "price": "0.19848000", "time": "2025-07-14T19:08:39.192092Z", "fetched_at": "2025-07-14T19:10:50.247360+00:00", "symbol": "DOGE-USD"}, {"trade_id": 139013768, "side": "buy", "size": "975.50000000", "price": "0.19848000", "time": "2025-07-14T19:08:39.192092Z", "fetched_at": "2025-07-14T19:10:50.247360+00:00", "symbol": "DOGE-USD"}, {"trade_id": 139013767, "side": "buy", "size": "5.60000000", "price": "0.19848000", "time": "2025-07-14T19:08:39.192092Z", "fetched_at": "2025-07-14T19:10:50.247360+00:00", "symbol": "DOGE-USD"}, {"trade_id": 139013766, "side": "buy", "size": "5.60000000", "price": "0.19850000", "time": "2025-07-14T19:08:39.192092Z", "fetched_at": "2025-07-14T19:10:50.247360+00:00", "symbol": "DOGE-USD"}, {"trade_id": 139013765, "side": "buy", "size": "2960.10000000", "price": "0.19851000", "time": "2025-07-14T19:08:37.863837Z", "fetched_at": "2025-07-14T19:10:50.247360+00:00", "symbol": "DOGE-USD"}, {"trade_id": 139013764, "side": "buy", "size": "2934.10000000", "price": "0.19851000", "time": "2025-07-14T19:08:37.861094Z", "fetched_at": "2025-07-14T19:10:50.247360+00:00", "symbol": "DOGE-USD"}, {"trade_id": 139013763, "side": "buy", "size": "15.80000000", "price": "0.19852000", "time": "2025-07-14T19:08:37.861094Z", "fetched_at": "2025-07-14T19:10:50.247360+00:00", "symbol": "DOGE-USD"}, {"trade_id": 139013762, "side": "buy", "size": "2.50000000", "price": "0.19853000", "time": "2025-07-14T19:08:37.514048Z", "fetched_at": "2025-07-14T19:10:50.247360+00:00", "symbol": "DOGE-USD"}, {"trade_id": 139013761, "side": "buy", "size": "227.70000000", "price": "0.19852000", "time": "2025-07-14T19:08:37.347324Z", "fetched_at": "2025-07-14T19:10:50.247360+00:00", "symbol": "DOGE-USD"}, {"trade_id": 139013760, "side": "buy", "size": "5.60000000", "price": "0.19852000", "time": "2025-07-14T19:08:37.347324Z", "fetched_at": "2025-07-14T19:10:50.247360+00:00", "symbol": "DOGE-USD"}, {"trade_id": 139013759, "side": "buy", "size": "700.00000000", "price": "0.19853000", "time": "2025-07-14T19:08:37.347324Z", "fetched_at": "2025-07-14T19:10:50.247360+00:00", "symbol": "DOGE-USD"}, {"trade_id": 139013758, "side": "buy", "size": "1595.30000000", "price": "0.19853000", "time": "2025-07-14T19:08:37.347324Z", "fetched_at": "2025-07-14T19:10:50.247360+00:00", "symbol": "DOGE-USD"}, {"trade_id": 139013757, "side": "buy", "size": "13.70000000", "price": "0.19853000", "time": "2025-07-14T19:08:37.347324Z", "fetched_at": "2025-07-14T19:10:50.247360+00:00", "symbol": "DOGE-USD"}, {"trade_id": 139013756, "side": "sell", "size": "274.90000000", "price": "0.19855000", "time": "2025-07-14T19:08:36.708916Z", "fetched_at": "2025-07-14T19:10:50.247360+00:00", "symbol": "DOGE-USD"}, {"trade_id": 139013755, "side": "sell", "size": "291.80000000", "price": "0.19855000", "time": "2025-07-14T19:08:36.708916Z", "fetched_at": "2025-07-14T19:10:50.247360+00:00", "symbol": "DOGE-USD"}, {"trade_id": 139013754, "side": "sell", "size": "288.90000000", "price": "0.19855000", "time": "2025-07-14T19:08:36.708916Z", "fetched_at": "2025-07-14T19:10:50.247360+00:00", "symbol": "DOGE-USD"}, {"trade_id": 139013753, "side": "sell", "size": "628.90000000", "price": "0.19854000", "time": "2025-07-14T19:08:36.708916Z", "fetched_at": "2025-07-14T19:10:50.247360+00:00", "symbol": "DOGE-USD"}, {"trade_id": 139013752, "side": "sell", "size": "71.10000000", "price": "0.19854000", "time": "2025-07-14T19:08:36.708916Z", "fetched_at": "2025-07-14T19:10:50.247360+00:00", "symbol": "DOGE-USD"}, {"trade_id": 139013751, "side": "sell", "size": "291.80000000", "price": "0.19853000", "time": "2025-07-14T19:08:36.708916Z", "fetched_at": "2025-07-14T19:10:50.247360+00:00", "symbol": "DOGE-USD"}, {"trade_id": 139013750, "side": "sell", "size": "183.00000000", "price": "0.19853000", "time": "2025-07-14T19:08:36.708916Z", "fetched_at": "2025-07-14T19:10:50.247360+00:00", "symbol": "DOGE-USD"}, {"trade_id": 139013749, "side": "sell", "size": "288.90000000", "price": "0.19853000", "time": "2025-07-14T19:08:36.708916Z", "fetched_at": "2025-07-14T19:10:50.247360+00:00", "symbol": "DOGE-USD"}, {"trade_id": 139013748, "side": "sell", "size": "286.80000000", "price": "0.19853000", "time": "2025-07-14T19:08:36.708916Z", "fetched_at": "2025-07-14T19:10:50.247360+00:00", "symbol": "DOGE-USD"}, {"trade_id": 139013747, "side": "buy", "size": "5.60000000", "price": "0.19854000", "time": "2025-07-14T19:08:36.658583Z", "fetched_at": "2025-07-14T19:10:50.247360+00:00", "symbol": "DOGE-USD"}, {"trade_id": 139013746, "side": "buy", "size": "5.60000000", "price": "0.19858000", "time": "2025-07-14T19:08:36.368045Z", "fetched_at": "2025-07-14T19:10:50.247360+00:00", "symbol": "DOGE-USD"}, {"trade_id": 139013745, "side": "buy", "size": "233.40000000", "price": "0.19858000", "time": "2025-07-14T19:08:36.368045Z", "fetched_at": "2025-07-14T19:10:50.247360+00:00", "symbol": "DOGE-USD"}, {"trade_id": 139013744, "side": "sell", "size": "858.70000000", "price": "0.19860000", "time": "2025-07-14T19:08:34.496824Z", "fetched_at": "2025-07-14T19:10:50.247360+00:00", "symbol": "DOGE-USD"}, {"trade_id": 139013743, "side": "sell", "size": "71.10000000", "price": "0.19860000", "time": "2025-07-14T19:08:34.496824Z", "fetched_at": "2025-07-14T19:10:50.247360+00:00", "symbol": "DOGE-USD"}, {"trade_id": 139013742, "side": "sell", "size": "1459.00000000", "price": "0.19859000", "time": "2025-07-14T19:08:34.496824Z", "fetched_at": "2025-07-14T19:10:50.247360+00:00", "symbol": "DOGE-USD"}, {"trade_id": 139013741, "side": "buy", "size": "690.40000000", "price": "0.19863000", "time": "2025-07-14T19:08:30.125636Z", "fetched_at": "2025-07-14T19:10:50.247360+00:00", "symbol": "DOGE-USD"}, {"trade_id": 139013740, "side": "buy", "size": "2.50000000", "price": "0.19863000", "time": "2025-07-14T19:08:30.001951Z", "fetched_at": "2025-07-14T19:10:50.247360+00:00", "symbol": "DOGE-USD"}, {"trade_id": 139013739, "side": "sell", "size": "5.60000000", "price": "0.19864000", "time": "2025-07-14T19:08:27.053142Z", "fetched_at": "2025-07-14T19:10:50.247360+00:00", "symbol": "DOGE-USD"}, {"trade_id": 139013738, "side": "sell", "size": "5.60000000", "price": "0.19860000", "time": "2025-07-14T19:08:23.074315Z", "fetched_at": "2025-07-14T19:10:50.247360+00:00", "symbol": "DOGE-USD"}, {"trade_id": 139013737, "side": "sell", "size": "18276.50000000", "price": "0.19854000", "time": "2025-07-14T19:08:20.917043Z", "fetched_at": "2025-07-14T19:10:50.247360+00:00", "symbol": "DOGE-USD"}, {"trade_id": 139013736, "side": "sell", "size": "279.10000000", "price": "0.19854000", "time": "2025-07-14T19:08:20.917043Z", "fetched_at": "2025-07-14T19:10:50.247360+00:00", "symbol": "DOGE-USD"}, {"trade_id": 139013735, "side": "sell", "size": "71.10000000", "price": "0.19853000", "time": "2025-07-14T19:08:20.887368Z", "fetched_at": "2025-07-14T19:10:50.247360+00:00", "symbol": "DOGE-USD"}, {"trade_id": 139013734, "side": "sell", "size": "288.90000000", "price": "0.19850000", "time": "2025-07-14T19:08:16.089134Z", "fetched_at": "2025-07-14T19:10:50.247360+00:00", "symbol": "DOGE-USD"}, {"trade_id": 139013733, "side": "buy", "size": "445.00000000", "price": "0.19848000", "time": "2025-07-14T19:08:15.532879Z", "fetched_at": "2025-07-14T19:10:50.247360+00:00", "symbol": "DOGE-USD"}, {"trade_id": 139013732, "side": "buy", "size": "1591.90000000", "price": "0.19848000", "time": "2025-07-14T19:08:15.532879Z", "fetched_at": "2025-07-14T19:10:50.247360+00:00", "symbol": "DOGE-USD"}, {"trade_id": 139013731, "side": "buy", "size": "5.60000000", "price": "0.19848000", "time": "2025-07-14T19:08:15.532879Z", "fetched_at": "2025-07-14T19:10:50.247360+00:00", "symbol": "DOGE-USD"}, {"trade_id": 139013730, "side": "buy", "size": "4132.60000000", "price": "0.19849000", "time": "2025-07-14T19:08:15.532879Z", "fetched_at": "2025-07-14T19:10:50.247360+00:00", "symbol": "DOGE-USD"}, {"trade_id": 139013729, "side": "buy", "size": "5332.80000000", "price": "0.19849000", "time": "2025-07-14T19:08:15.532879Z", "fetched_at": "2025-07-14T19:10:50.247360+00:00", "symbol": "DOGE-USD"}, {"trade_id": 139013728, "side": "buy", "size": "3419.00000000", "price": "0.19849000", "time": "2025-07-14T19:08:15.532879Z", "fetched_at": "2025-07-14T19:10:50.247360+00:00", "symbol": "DOGE-USD"}, {"trade_id": 139013727, "side": "buy", "size": "1591.90000000", "price": "0.19849000", "time": "2025-07-14T19:08:15.532879Z", "fetched_at": "2025-07-14T19:10:50.247360+00:00", "symbol": "DOGE-USD"}, {"trade_id": 139013726, "side": "buy", "size": "700.00000000", "price": "0.19850000", "time": "2025-07-14T19:08:15.532879Z", "fetched_at": "2025-07-14T19:10:50.247360+00:00", "symbol": "DOGE-USD"}, {"trade_id": 139013725, "side": "buy", "size": "17.00000000", "price": "0.19851000", "time": "2025-07-14T19:08:15.532879Z", "fetched_at": "2025-07-14T19:10:50.247360+00:00", "symbol": "DOGE-USD"}, {"trade_id": 139013724, "side": "buy", "size": "3.70000000", "price": "0.19851000", "time": "2025-07-14T19:08:13.901696Z", "fetched_at": "2025-07-14T19:10:50.247360+00:00", "symbol": "DOGE-USD"}, {"trade_id": 139013723, "side": "sell", "size": "71.10000000", "price": "0.19853000", "time": "2025-07-14T19:08:13.517720Z", "fetched_at": "2025-07-14T19:10:50.247360+00:00", "symbol": "DOGE-USD"}, {"trade_id": 139013722, "side": "sell", "size": "700.00000000", "price": "0.19851000", "time": "2025-07-14T19:08:13.407098Z", "fetched_at": "2025-07-14T19:10:50.247360+00:00", "symbol": "DOGE-USD"}, {"trade_id": 139013721, "side": "sell", "size": "288.90000000", "price": "0.19849000", "time": "2025-07-14T19:08:13.407098Z", "fetched_at": "2025-07-14T19:10:50.247360+00:00", "symbol": "DOGE-USD"}, {"trade_id": 139013720, "side": "sell", "size": "700.00000000", "price": "0.19850000", "time": "2025-07-14T19:08:13.311772Z", "fetched_at": "2025-07-14T19:10:50.247360+00:00", "symbol": "DOGE-USD"}, {"trade_id": 139013719, "side": "sell", "size": "288.90000000", "price": "0.19849000", "time": "2025-07-14T19:08:13.311772Z", "fetched_at": "2025-07-14T19:10:50.247360+00:00", "symbol": "DOGE-USD"}, {"trade_id": 139013718, "side": "buy", "size": "4451.70000000", "price": "0.19850000", "time": "2025-07-14T19:08:13.106182Z", "fetched_at": "2025-07-14T19:10:50.247360+00:00", "symbol": "DOGE-USD"}, {"trade_id": 139013717, "side": "buy", "size": "1591.90000000", "price": "0.19850000", "time": "2025-07-14T19:08:13.106182Z", "fetched_at": "2025-07-14T19:10:50.247360+00:00", "symbol": "DOGE-USD"}, {"trade_id": 139013716, "side": "buy", "size": "5.60000000", "price": "0.19850000", "time": "2025-07-14T19:08:13.106182Z", "fetched_at": "2025-07-14T19:10:50.247360+00:00", "symbol": "DOGE-USD"}, {"trade_id": 139013715, "side": "buy", "size": "780.20000000", "price": "0.19851000", "time": "2025-07-14T19:08:13.093656Z", "fetched_at": "2025-07-14T19:10:50.247360+00:00", "symbol": "DOGE-USD"}, {"trade_id": 139013714, "side": "buy", "size": "3111.60000000", "price": "0.19851000", "time": "2025-07-14T19:08:13.093656Z", "fetched_at": "2025-07-14T19:10:50.247360+00:00", "symbol": "DOGE-USD"}, {"trade_id": 139013713, "side": "buy", "size": "1591.90000000", "price": "0.19851000", "time": "2025-07-14T19:08:13.093656Z", "fetched_at": "2025-07-14T19:10:50.247360+00:00", "symbol": "DOGE-USD"}, {"trade_id": 139013712, "side": "buy", "size": "975.50000000", "price": "0.19852000", "time": "2025-07-14T19:08:13.092919Z", "fetched_at": "2025-07-14T19:10:50.247360+00:00", "symbol": "DOGE-USD"}, {"trade_id": 139013711, "side": "buy", "size": "5.60000000", "price": "0.19852000", "time": "2025-07-14T19:08:13.092919Z", "fetched_at": "2025-07-14T19:10:50.247360+00:00", "symbol": "DOGE-USD"}, {"trade_id": 139013710, "side": "buy", "size": "18.40000000", "price": "0.19853000", "time": "2025-07-14T19:08:13.092919Z", "fetched_at": "2025-07-14T19:10:50.247360+00:00", "symbol": "DOGE-USD"}, {"trade_id": 139013709, "side": "buy", "size": "139.80000000", "price": "0.19854000", "time": "2025-07-14T19:08:10.143613Z", "fetched_at": "2025-07-14T19:10:50.247360+00:00", "symbol": "DOGE-USD"}, {"trade_id": 139013708, "side": "buy", "size": "23.90000000", "price": "0.19856000", "time": "2025-07-14T19:08:02.667673Z", "fetched_at": "2025-07-14T19:10:50.247360+00:00", "symbol": "DOGE-USD"}, {"trade_id": 139013707, "side": "buy", "size": "12.30000000", "price": "0.19856000", "time": "2025-07-14T19:08:02.667673Z", "fetched_at": "2025-07-14T19:10:50.247360+00:00", "symbol": "DOGE-USD"}, {"trade_id": 139013706, "side": "sell", "size": "39.50000000", "price": "0.19856000", "time": "2025-07-14T19:08:00.978951Z", "fetched_at": "2025-07-14T19:10:50.247360+00:00", "symbol": "DOGE-USD"}, {"trade_id": 139013705, "side": "buy", "size": "7483.60000000", "price": "0.19854000", "time": "2025-07-14T19:08:00.931488Z", "fetched_at": "2025-07-14T19:10:50.247360+00:00", "symbol": "DOGE-USD"}, {"trade_id": 139013704, "side": "buy", "size": "5.60000000", "price": "0.19854000", "time": "2025-07-14T19:08:00.931488Z", "fetched_at": "2025-07-14T19:10:50.247360+00:00", "symbol": "DOGE-USD"}, {"trade_id": 139013703, "side": "buy", "size": "9461.50000000", "price": "0.19855000", "time": "2025-07-14T19:08:00.931488Z", "fetched_at": "2025-07-14T19:10:50.247360+00:00", "symbol": "DOGE-USD"}, {"trade_id": 139013702, "side": "buy", "size": "1591.90000000", "price": "0.19855000", "time": "2025-07-14T19:08:00.931488Z", "fetched_at": "2025-07-14T19:10:50.247360+00:00", "symbol": "DOGE-USD"}, {"trade_id": 139013701, "side": "buy", "size": "1335.70000000", "price": "0.19856000", "time": "2025-07-14T19:08:00.931488Z", "fetched_at": "2025-07-14T19:10:50.247360+00:00", "symbol": "DOGE-USD"}, {"trade_id": 139013700, "side": "buy", "size": "700.00000000", "price": "0.19856000", "time": "2025-07-14T19:08:00.931488Z", "fetched_at": "2025-07-14T19:10:50.247360+00:00", "symbol": "DOGE-USD"}, {"trade_id": 139013699, "side": "buy", "size": "5.60000000", "price": "0.19856000", "time": "2025-07-14T19:08:00.931488Z", "fetched_at": "2025-07-14T19:10:50.247360+00:00", "symbol": "DOGE-USD"}, {"trade_id": 139013698, "side": "buy", "size": "13.80000000", "price": "0.19857000", "time": "2025-07-14T19:08:00.931488Z", "fetched_at": "2025-07-14T19:10:50.247360+00:00", "symbol": "DOGE-USD"}, {"trade_id": 139013697, "side": "buy", "size": "1606.70000000", "price": "0.19857000", "time": "2025-07-14T19:08:00.931488Z", "fetched_at": "2025-07-14T19:10:50.247360+00:00", "symbol": "DOGE-USD"}, {"trade_id": 139013696, "side": "buy", "size": "403.00000000", "price": "0.19858000", "time": "2025-07-14T19:08:00.657870Z", "fetched_at": "2025-07-14T19:10:50.247360+00:00", "symbol": "DOGE-USD"}, {"trade_id": 139013695, "side": "buy", "size": "5.60000000", "price": "0.19858000", "time": "2025-07-14T19:08:00.657870Z", "fetched_at": "2025-07-14T19:10:50.247360+00:00", "symbol": "DOGE-USD"}, {"trade_id": 139013694, "side": "buy", "size": "5.60000000", "price": "0.19860000", "time": "2025-07-14T19:08:00.327155Z", "fetched_at": "2025-07-14T19:10:50.247360+00:00", "symbol": "DOGE-USD"}, {"trade_id": 139013693, "side": "buy", "size": "21.10000000", "price": "0.19862000", "time": "2025-07-14T19:07:58.795704Z", "fetched_at": "2025-07-14T19:10:50.247360+00:00", "symbol": "DOGE-USD"}, {"trade_id": 139013692, "side": "buy", "size": "1.30000000", "price": "0.19862000", "time": "2025-07-14T19:07:58.794793Z", "fetched_at": "2025-07-14T19:10:50.247360+00:00", "symbol": "DOGE-USD"}, {"trade_id": 139013691, "side": "buy", "size": "279.50000000", "price": "0.19862000", "time": "2025-07-14T19:07:58.469421Z", "fetched_at": "2025-07-14T19:10:50.247360+00:00", "symbol": "DOGE-USD"}, {"trade_id": 139013690, "side": "buy", "size": "5.60000000", "price": "0.19862000", "time": "2025-07-14T19:07:58.469421Z", "fetched_at": "2025-07-14T19:10:50.247360+00:00", "symbol": "DOGE-USD"}, {"trade_id": 139013689, "side": "sell", "size": "322.60000000", "price": "0.19866000", "time": "2025-07-14T19:07:54.904811Z", "fetched_at": "2025-07-14T19:10:50.247360+00:00", "symbol": "DOGE-USD"}, {"trade_id": 139013688, "side": "sell", "size": "700.00000000", "price": "0.19865000", "time": "2025-07-14T19:07:54.904811Z", "fetched_at": "2025-07-14T19:10:50.247360+00:00", "symbol": "DOGE-USD"}, {"trade_id": 139013687, "side": "sell", "size": "1363.10000000", "price": "0.19865000", "time": "2025-07-14T19:07:54.904811Z", "fetched_at": "2025-07-14T19:10:50.247360+00:00", "symbol": "DOGE-USD"}, {"trade_id": 139013686, "side": "buy", "size": "5.60000000", "price": "0.19864000", "time": "2025-07-14T19:07:52.843177Z", "fetched_at": "2025-07-14T19:10:50.247360+00:00", "symbol": "DOGE-USD"}, {"trade_id": 139013685, "side": "buy", "size": "40.70000000", "price": "0.19868000", "time": "2025-07-14T19:07:52.528405Z", "fetched_at": "2025-07-14T19:10:50.247360+00:00", "symbol": "DOGE-USD"}, {"trade_id": 139013684, "side": "buy", "size": "5.60000000", "price": "0.19868000", "time": "2025-07-14T19:07:52.528405Z", "fetched_at": "2025-07-14T19:10:50.247360+00:00", "symbol": "DOGE-USD"}, {"trade_id": 139013683, "side": "buy", "size": "5.60000000", "price": "0.19870000", "time": "2025-07-14T19:07:52.348450Z", "fetched_at": "2025-07-14T19:10:50.247360+00:00", "symbol": "DOGE-USD"}, {"trade_id": 139013682, "side": "buy", "size": "41.20000000", "price": "0.19871000", "time": "2025-07-14T19:07:52.348450Z", "fetched_at": "2025-07-14T19:10:50.247360+00:00", "symbol": "DOGE-USD"}, {"trade_id": 139013681, "side": "buy", "size": "183.00000000", "price": "0.19877000", "time": "2025-07-14T19:07:51.669873Z", "fetched_at": "2025-07-14T19:10:50.247360+00:00", "symbol": "DOGE-USD"}, {"trade_id": 139013680, "side": "buy", "size": "43.70000000", "price": "0.19877000", "time": "2025-07-14T19:07:51.669873Z", "fetched_at": "2025-07-14T19:10:50.247360+00:00", "symbol": "DOGE-USD"}, {"trade_id": 139013679, "side": "sell", "size": "37.30000000", "price": "0.19878000", "time": "2025-07-14T19:07:50.882102Z", "fetched_at": "2025-07-14T19:10:50.247360+00:00", "symbol": "DOGE-USD"}, {"trade_id": 139013678, "side": "sell", "size": "5.60000000", "price": "0.19878000", "time": "2025-07-14T19:07:50.882102Z", "fetched_at": "2025-07-14T19:10:50.247360+00:00", "symbol": "DOGE-USD"}, {"trade_id": 139013677, "side": "sell", "size": "5.60000000", "price": "0.19876000", "time": "2025-07-14T19:07:43.849803Z", "fetched_at": "2025-07-14T19:10:50.247360+00:00", "symbol": "DOGE-USD"}, {"trade_id": 139013676, "side": "sell", "size": "18291.10000000", "price": "0.19874000", "time": "2025-07-14T19:07:43.678009Z", "fetched_at": "2025-07-14T19:10:50.247360+00:00", "symbol": "DOGE-USD"}, {"trade_id": 139013675, "side": "sell", "size": "5.60000000", "price": "0.19874000", "time": "2025-07-14T19:07:43.678009Z", "fetched_at": "2025-07-14T19:10:50.247360+00:00", "symbol": "DOGE-USD"}, {"trade_id": 139013674, "side": "sell", "size": "5.60000000", "price": "0.19872000", "time": "2025-07-14T19:07:43.628388Z", "fetched_at": "2025-07-14T19:10:50.247360+00:00", "symbol": "DOGE-USD"}, {"trade_id": 139013673, "side": "sell", "size": "1446.10000000", "price": "0.19871000", "time": "2025-07-14T19:07:41.748134Z", "fetched_at": "2025-07-14T19:10:50.247360+00:00", "symbol": "DOGE-USD"}, {"trade_id": 139013672, "side": "sell", "size": "71.00000000", "price": "0.19870000", "time": "2025-07-14T19:07:41.720724Z", "fetched_at": "2025-07-14T19:10:50.247360+00:00", "symbol": "DOGE-USD"}, {"trade_id": 139013671, "side": "sell", "size": "119.00000000", "price": "0.19870000", "time": "2025-07-14T19:07:41.720724Z", "fetched_at": "2025-07-14T19:10:50.247360+00:00", "symbol": "DOGE-USD"}, {"trade_id": 139013670, "side": "sell", "size": "3974.30000000", "price": "0.19870000", "time": "2025-07-14T19:07:41.720724Z", "fetched_at": "2025-07-14T19:10:50.247360+00:00", "symbol": "DOGE-USD"}, {"trade_id": 139013669, "side": "sell", "size": "9146.50000000", "price": "0.19870000", "time": "2025-07-14T19:07:41.708987Z", "fetched_at": "2025-07-14T19:10:50.247360+00:00", "symbol": "DOGE-USD"}, {"trade_id": 139013668, "side": "sell", "size": "6767.30000000", "price": "0.19870000", "time": "2025-07-14T19:07:41.698631Z", "fetched_at": "2025-07-14T19:10:50.247360+00:00", "symbol": "DOGE-USD"}, {"trade_id": 139013667, "side": "sell", "size": "5.60000000", "price": "0.19870000", "time": "2025-07-14T19:07:41.698631Z", "fetched_at": "2025-07-14T19:10:50.247360+00:00", "symbol": "DOGE-USD"}, {"trade_id": 139013666, "side": "sell", "size": "288.90000000", "price": "0.19869000", "time": "2025-07-14T19:07:41.682738Z", "fetched_at": "2025-07-14T19:10:50.247360+00:00", "symbol": "DOGE-USD"}, {"trade_id": 139013665, "side": "sell", "size": "288.90000000", "price": "0.19868000", "time": "2025-07-14T19:07:41.662093Z", "fetched_at": "2025-07-14T19:10:50.247360+00:00", "symbol": "DOGE-USD"}, {"trade_id": 139013664, "side": "sell", "size": "183.00000000", "price": "0.19866000", "time": "2025-07-14T19:07:41.003107Z", "fetched_at": "2025-07-14T19:10:50.247360+00:00", "symbol": "DOGE-USD"}, {"trade_id": 139013663, "side": "sell", "size": "433.30000000", "price": "0.19865000", "time": "2025-07-14T19:07:39.905902Z", "fetched_at": "2025-07-14T19:10:50.247360+00:00", "symbol": "DOGE-USD"}, {"trade_id": 139013662, "side": "sell", "size": "288.90000000", "price": "0.19866000", "time": "2025-07-14T19:07:39.825170Z", "fetched_at": "2025-07-14T19:10:50.247360+00:00", "symbol": "DOGE-USD"}, {"trade_id": 139013661, "side": "buy", "size": "1340.20000000", "price": "0.19868000", "time": "2025-07-14T19:07:37.170024Z", "fetched_at": "2025-07-14T19:10:50.247360+00:00", "symbol": "DOGE-USD"}, {"trade_id": 139013660, "side": "buy", "size": "7.40000000", "price": "0.19868000", "time": "2025-07-14T19:07:37.170024Z", "fetched_at": "2025-07-14T19:10:50.247360+00:00", "symbol": "DOGE-USD"}, {"trade_id": 139013659, "side": "sell", "size": "5.60000000", "price": "0.19868000", "time": "2025-07-14T19:07:35.268146Z", "fetched_at": "2025-07-14T19:10:50.247360+00:00", "symbol": "DOGE-USD"}, {"trade_id": 139013658, "side": "sell", "size": "6011.90000000", "price": "0.19868000", "time": "2025-07-14T19:07:35.257408Z", "fetched_at": "2025-07-14T19:10:50.247360+00:00", "symbol": "DOGE-USD"}, {"trade_id": 139013657, "side": "sell", "size": "288.90000000", "price": "0.19867000", "time": "2025-07-14T19:07:34.943764Z", "fetched_at": "2025-07-14T19:10:50.247360+00:00", "symbol": "DOGE-USD"}, {"trade_id": 139013656, "side": "sell", "size": "71.00000000", "price": "0.19867000", "time": "2025-07-14T19:07:34.651822Z", "fetched_at": "2025-07-14T19:10:50.247360+00:00", "symbol": "DOGE-USD"}, {"trade_id": 139013655, "side": "sell", "size": "711.10000000", "price": "0.19865000", "time": "2025-07-14T19:07:33.203191Z", "fetched_at": "2025-07-14T19:10:50.247360+00:00", "symbol": "DOGE-USD"}, {"trade_id": 139013654, "side": "sell", "size": "288.90000000", "price": "0.19865000", "time": "2025-07-14T19:07:33.203191Z", "fetched_at": "2025-07-14T19:10:50.247360+00:00", "symbol": "DOGE-USD"}, {"trade_id": 139013653, "side": "sell", "size": "71.00000000", "price": "0.19867000", "time": "2025-07-14T19:07:32.417949Z", "fetched_at": "2025-07-14T19:10:50.247360+00:00", "symbol": "DOGE-USD"}, {"trade_id": 139013652, "side": "sell", "size": "71.00000000", "price": "0.19867000", "time": "2025-07-14T19:07:32.405410Z", "fetched_at": "2025-07-14T19:10:50.247360+00:00", "symbol": "DOGE-USD"}, {"trade_id": 139013651, "side": "sell", "size": "71.00000000", "price": "0.19867000", "time": "2025-07-14T19:07:32.231776Z", "fetched_at": "2025-07-14T19:10:50.247360+00:00", "symbol": "DOGE-USD"}, {"trade_id": 139013650, "side": "sell", "size": "71.00000000", "price": "0.19867000", "time": "2025-07-14T19:07:32.220709Z", "fetched_at": "2025-07-14T19:10:50.247360+00:00", "symbol": "DOGE-USD"}, {"trade_id": 139013649, "side": "sell", "size": "71.00000000", "price": "0.19867000", "time": "2025-07-14T19:07:32.208258Z", "fetched_at": "2025-07-14T19:10:50.247360+00:00", "symbol": "DOGE-USD"}, {"trade_id": 139013648, "side": "sell", "size": "71.00000000", "price": "0.19867000", "time": "2025-07-14T19:07:32.184198Z", "fetched_at": "2025-07-14T19:10:50.247360+00:00", "symbol": "DOGE-USD"}, {"trade_id": 139013647, "side": "sell", "size": "71.00000000", "price": "0.19867000", "time": "2025-07-14T19:07:32.173883Z", "fetched_at": "2025-07-14T19:10:50.247360+00:00", "symbol": "DOGE-USD"}, {"trade_id": 139013646, "side": "sell", "size": "71.00000000", "price": "0.19867000", "time": "2025-07-14T19:07:32.155951Z", "fetched_at": "2025-07-14T19:10:50.247360+00:00", "symbol": "DOGE-USD"}, {"trade_id": 139013645, "side": "sell", "size": "71.00000000", "price": "0.19867000", "time": "2025-07-14T19:07:32.091680Z", "fetched_at": "2025-07-14T19:10:50.247360+00:00", "symbol": "DOGE-USD"}, {"trade_id": 139013644, "side": "sell", "size": "71.00000000", "price": "0.19867000", "time": "2025-07-14T19:07:32.081810Z", "fetched_at": "2025-07-14T19:10:50.247360+00:00", "symbol": "DOGE-USD"}, {"trade_id": 139013643, "side": "sell", "size": "71.00000000", "price": "0.19867000", "time": "2025-07-14T19:07:32.040828Z", "fetched_at": "2025-07-14T19:10:50.247360+00:00", "symbol": "DOGE-USD"}, {"trade_id": 139013642, "side": "sell", "size": "71.00000000", "price": "0.19867000", "time": "2025-07-14T19:07:32.029476Z", "fetched_at": "2025-07-14T19:10:50.247360+00:00", "symbol": "DOGE-USD"}, {"trade_id": 139013641, "side": "sell", "size": "71.00000000", "price": "0.19867000", "time": "2025-07-14T19:07:32.018021Z", "fetched_at": "2025-07-14T19:10:50.247360+00:00", "symbol": "DOGE-USD"}, {"trade_id": 139013640, "side": "sell", "size": "71.00000000", "price": "0.19867000", "time": "2025-07-14T19:07:32.007322Z", "fetched_at": "2025-07-14T19:10:50.247360+00:00", "symbol": "DOGE-USD"}, {"trade_id": 139013639, "side": "sell", "size": "288.90000000", "price": "0.19865000", "time": "2025-07-14T19:07:31.559588Z", "fetched_at": "2025-07-14T19:10:50.247360+00:00", "symbol": "DOGE-USD"}, {"trade_id": 139013638, "side": "sell", "size": "288.90000000", "price": "0.19864000", "time": "2025-07-14T19:07:30.969955Z", "fetched_at": "2025-07-14T19:10:50.247360+00:00", "symbol": "DOGE-USD"}, {"trade_id": 139013637, "side": "sell", "size": "288.90000000", "price": "0.19864000", "time": "2025-07-14T19:07:30.926083Z", "fetched_at": "2025-07-14T19:10:50.247360+00:00", "symbol": "DOGE-USD"}, {"trade_id": 139013636, "side": "sell", "size": "288.90000000", "price": "0.19864000", "time": "2025-07-14T19:07:30.848572Z", "fetched_at": "2025-07-14T19:10:50.247360+00:00", "symbol": "DOGE-USD"}, {"trade_id": 139013635, "side": "sell", "size": "288.90000000", "price": "0.19863000", "time": "2025-07-14T19:07:30.801687Z", "fetched_at": "2025-07-14T19:10:50.247360+00:00", "symbol": "DOGE-USD"}, {"trade_id": 139013634, "side": "sell", "size": "288.90000000", "price": "0.19863000", "time": "2025-07-14T19:07:30.775643Z", "fetched_at": "2025-07-14T19:10:50.247360+00:00", "symbol": "DOGE-USD"}, {"trade_id": 139013633, "side": "sell", "size": "288.90000000", "price": "0.19863000", "time": "2025-07-14T19:07:30.725698Z", "fetched_at": "2025-07-14T19:10:50.247360+00:00", "symbol": "DOGE-USD"}, {"trade_id": 139013632, "side": "buy", "size": "133.00000000", "price": "0.19864000", "time": "2025-07-14T19:07:29.940675Z", "fetched_at": "2025-07-14T19:10:50.247360+00:00", "symbol": "DOGE-USD"}, {"trade_id": 139013631, "side": "buy", "size": "1345.30000000", "price": "0.19864000", "time": "2025-07-14T19:07:29.940675Z", "fetched_at": "2025-07-14T19:10:50.247360+00:00", "symbol": "DOGE-USD"}, {"trade_id": 139013630, "side": "buy", "size": "108.10000000", "price": "0.19863000", "time": "2025-07-14T19:07:29.700304Z", "fetched_at": "2025-07-14T19:10:50.247360+00:00", "symbol": "DOGE-USD"}, {"trade_id": 139013629, "side": "buy", "size": "10916.20000000", "price": "0.19863000", "time": "2025-07-14T19:07:27.340265Z", "fetched_at": "2025-07-14T19:10:50.247360+00:00", "symbol": "DOGE-USD"}, {"trade_id": 139013628, "side": "buy", "size": "7385.10000000", "price": "0.19863000", "time": "2025-07-14T19:07:27.340239Z", "fetched_at": "2025-07-14T19:10:50.247360+00:00", "symbol": "DOGE-USD"}, {"trade_id": 139013627, "side": "buy", "size": "10.20000000", "price": "0.19864000", "time": "2025-07-14T19:07:27.340239Z", "fetched_at": "2025-07-14T19:10:50.247360+00:00", "symbol": "DOGE-USD"}, {"trade_id": 139013626, "side": "buy", "size": "295.60000000", "price": "0.19864000", "time": "2025-07-14T19:07:26.096117Z", "fetched_at": "2025-07-14T19:10:50.247360+00:00", "symbol": "DOGE-USD"}, {"trade_id": 139013625, "side": "buy", "size": "1591.90000000", "price": "0.19864000", "time": "2025-07-14T19:07:26.096117Z", "fetched_at": "2025-07-14T19:10:50.247360+00:00", "symbol": "DOGE-USD"}, {"trade_id": 139013624, "side": "buy", "size": "5.60000000", "price": "0.19864000", "time": "2025-07-14T19:07:26.096117Z", "fetched_at": "2025-07-14T19:10:50.247360+00:00", "symbol": "DOGE-USD"}, {"trade_id": 139013623, "side": "buy", "size": "1587.20000000", "price": "0.19865000", "time": "2025-07-14T19:07:26.096117Z", "fetched_at": "2025-07-14T19:10:50.247360+00:00", "symbol": "DOGE-USD"}, {"trade_id": 139013622, "side": "buy", "size": "700.00000000", "price": "0.19865000", "time": "2025-07-14T19:07:26.096117Z", "fetched_at": "2025-07-14T19:10:50.247360+00:00", "symbol": "DOGE-USD"}, {"trade_id": 139013621, "side": "buy", "size": "12.20000000", "price": "0.19866000", "time": "2025-07-14T19:07:26.096117Z", "fetched_at": "2025-07-14T19:10:50.247360+00:00", "symbol": "DOGE-USD"}, {"trade_id": 139013620, "side": "buy", "size": "5.60000000", "price": "0.19866000", "time": "2025-07-14T19:07:26.096117Z", "fetched_at": "2025-07-14T19:10:50.247360+00:00", "symbol": "DOGE-USD"}, {"trade_id": 139013619, "side": "buy", "size": "228.70000000", "price": "0.19866000", "time": "2025-07-14T19:07:26.096117Z", "fetched_at": "2025-07-14T19:10:50.247360+00:00", "symbol": "DOGE-USD"}, {"trade_id": 139013618, "side": "sell", "size": "2827.50000000", "price": "0.19869000", "time": "2025-07-14T19:07:25.517392Z", "fetched_at": "2025-07-14T19:10:50.247360+00:00", "symbol": "DOGE-USD"}, {"trade_id": 139013617, "side": "sell", "size": "1591.90000000", "price": "0.19869000", "time": "2025-07-14T19:07:25.517392Z", "fetched_at": "2025-07-14T19:10:50.247360+00:00", "symbol": "DOGE-USD"}, {"trade_id": 139013616, "side": "sell", "size": "71.00000000", "price": "0.19868000", "time": "2025-07-14T19:07:25.517392Z", "fetched_at": "2025-07-14T19:10:50.247360+00:00", "symbol": "DOGE-USD"}, {"trade_id": 139013615, "side": "sell", "size": "1448.30000000", "price": "0.19868000", "time": "2025-07-14T19:07:25.517392Z", "fetched_at": "2025-07-14T19:10:50.247360+00:00", "symbol": "DOGE-USD"}, {"trade_id": 139013614, "side": "sell", "size": "700.00000000", "price": "0.19867000", "time": "2025-07-14T19:07:25.517392Z", "fetched_at": "2025-07-14T19:10:50.247360+00:00", "symbol": "DOGE-USD"}, {"trade_id": 139013613, "side": "sell", "size": "1362.50000000", "price": "0.19867000", "time": "2025-07-14T19:07:25.517392Z", "fetched_at": "2025-07-14T19:10:50.247360+00:00", "symbol": "DOGE-USD"}, {"trade_id": 139013612, "side": "sell", "size": "288.90000000", "price": "0.19867000", "time": "2025-07-14T19:07:25.517392Z", "fetched_at": "2025-07-14T19:10:50.247360+00:00", "symbol": "DOGE-USD"}, {"trade_id": 139013611, "side": "sell", "size": "639.00000000", "price": "0.19870000", "time": "2025-07-14T19:07:21.245607Z", "fetched_at": "2025-07-14T19:10:50.247360+00:00", "symbol": "DOGE-USD"}, {"trade_id": 139013610, "side": "sell", "size": "288.90000000", "price": "0.19868000", "time": "2025-07-14T19:07:19.025756Z", "fetched_at": "2025-07-14T19:10:50.247360+00:00", "symbol": "DOGE-USD"}, {"trade_id": 139013609, "side": "sell", "size": "288.90000000", "price": "0.19868000", "time": "2025-07-14T19:07:18.917833Z", "fetched_at": "2025-07-14T19:10:50.247360+00:00", "symbol": "DOGE-USD"}, {"trade_id": 139013608, "side": "sell", "size": "288.90000000", "price": "0.19868000", "time": "2025-07-14T19:07:18.905287Z", "fetched_at": "2025-07-14T19:10:50.247360+00:00", "symbol": "DOGE-USD"}, {"trade_id": 139013607, "side": "sell", "size": "288.90000000", "price": "0.19868000", "time": "2025-07-14T19:07:18.009524Z", "fetched_at": "2025-07-14T19:10:50.247360+00:00", "symbol": "DOGE-USD"}, {"trade_id": 139013606, "side": "sell", "size": "288.90000000", "price": "0.19868000", "time": "2025-07-14T19:07:17.150988Z", "fetched_at": "2025-07-14T19:10:50.247360+00:00", "symbol": "DOGE-USD"}, {"trade_id": 139013605, "side": "sell", "size": "288.90000000", "price": "0.19867000", "time": "2025-07-14T19:07:16.996152Z", "fetched_at": "2025-07-14T19:10:50.247360+00:00", "symbol": "DOGE-USD"}, {"trade_id": 139013604, "side": "sell", "size": "288.90000000", "price": "0.19867000", "time": "2025-07-14T19:07:16.753641Z", "fetched_at": "2025-07-14T19:10:50.247360+00:00", "symbol": "DOGE-USD"}, {"trade_id": 139013603, "side": "sell", "size": "288.90000000", "price": "0.19867000", "time": "2025-07-14T19:07:16.736420Z", "fetched_at": "2025-07-14T19:10:50.247360+00:00", "symbol": "DOGE-USD"}, {"trade_id": 139013602, "side": "sell", "size": "288.90000000", "price": "0.19868000", "time": "2025-07-14T19:07:15.772307Z", "fetched_at": "2025-07-14T19:10:50.247360+00:00", "symbol": "DOGE-USD"}, {"trade_id": 139013601, "side": "sell", "size": "288.90000000", "price": "0.19867000", "time": "2025-07-14T19:07:15.298056Z", "fetched_at": "2025-07-14T19:10:50.247360+00:00", "symbol": "DOGE-USD"}, {"trade_id": 139013600, "side": "sell", "size": "288.90000000", "price": "0.19866000", "time": "2025-07-14T19:07:14.830290Z", "fetched_at": "2025-07-14T19:10:50.247360+00:00", "symbol": "DOGE-USD"}, {"trade_id": 139013599, "side": "sell", "size": "288.90000000", "price": "0.19865000", "time": "2025-07-14T19:07:14.739603Z", "fetched_at": "2025-07-14T19:10:50.247360+00:00", "symbol": "DOGE-USD"}, {"trade_id": 139013598, "side": "sell", "size": "288.90000000", "price": "0.19867000", "time": "2025-07-14T19:07:14.504400Z", "fetched_at": "2025-07-14T19:10:50.247360+00:00", "symbol": "DOGE-USD"}, {"trade_id": 139013597, "side": "sell", "size": "288.90000000", "price": "0.19869000", "time": "2025-07-14T19:07:14.362580Z", "fetched_at": "2025-07-14T19:10:50.247360+00:00", "symbol": "DOGE-USD"}, {"trade_id": 139013596, "side": "sell", "size": "288.90000000", "price": "0.19866000", "time": "2025-07-14T19:07:13.036621Z", "fetched_at": "2025-07-14T19:10:50.247360+00:00", "symbol": "DOGE-USD"}, {"trade_id": 139013595, "side": "sell", "size": "288.90000000", "price": "0.19865000", "time": "2025-07-14T19:07:12.850021Z", "fetched_at": "2025-07-14T19:10:50.247360+00:00", "symbol": "DOGE-USD"}, {"trade_id": 139013594, "side": "buy", "size": "194.30000000", "price": "0.19866000", "time": "2025-07-14T19:07:12.248741Z", "fetched_at": "2025-07-14T19:10:50.247360+00:00", "symbol": "DOGE-USD"}, {"trade_id": 139013593, "side": "buy", "size": "5.60000000", "price": "0.19866000", "time": "2025-07-14T19:07:12.248741Z", "fetched_at": "2025-07-14T19:10:50.247360+00:00", "symbol": "DOGE-USD"}, {"trade_id": 139013592, "side": "buy", "size": "5.60000000", "price": "0.19868000", "time": "2025-07-14T19:07:12.248741Z", "fetched_at": "2025-07-14T19:10:50.247360+00:00", "symbol": "DOGE-USD"}, {"trade_id": 139013591, "side": "sell", "size": "57.20000000", "price": "0.19869000", "time": "2025-07-14T19:07:12.223067Z", "fetched_at": "2025-07-14T19:10:50.247360+00:00", "symbol": "DOGE-USD"}, {"trade_id": 139013590, "side": "buy", "size": "5.60000000", "price": "0.19870000", "time": "2025-07-14T19:07:11.646592Z", "fetched_at": "2025-07-14T19:10:50.247360+00:00", "symbol": "DOGE-USD"}, {"trade_id": 139013589, "side": "buy", "size": "5.60000000", "price": "0.19872000", "time": "2025-07-14T19:07:11.559636Z", "fetched_at": "2025-07-14T19:10:50.247360+00:00", "symbol": "DOGE-USD"}, {"trade_id": 139013588, "side": "buy", "size": "639.00000000", "price": "0.19872000", "time": "2025-07-14T19:07:11.559636Z", "fetched_at": "2025-07-14T19:10:50.247360+00:00", "symbol": "DOGE-USD"}, {"trade_id": 139013587, "side": "buy", "size": "5.60000000", "price": "0.19874000", "time": "2025-07-14T19:07:10.246720Z", "fetched_at": "2025-07-14T19:10:50.247360+00:00", "symbol": "DOGE-USD"}, {"trade_id": 139013586, "side": "buy", "size": "5.60000000", "price": "0.19876000", "time": "2025-07-14T19:07:10.158579Z", "fetched_at": "2025-07-14T19:10:50.247360+00:00", "symbol": "DOGE-USD"}, {"trade_id": 139013585, "side": "buy", "size": "5.60000000", "price": "0.19878000", "time": "2025-07-14T19:07:10.113919Z", "fetched_at": "2025-07-14T19:10:50.247360+00:00", "symbol": "DOGE-USD"}, {"trade_id": 139013584, "side": "buy", "size": "18302.80000000", "price": "0.19880000", "time": "2025-07-14T19:07:08.920106Z", "fetched_at": "2025-07-14T19:10:50.247360+00:00", "symbol": "DOGE-USD"}, {"trade_id": 139013583, "side": "sell", "size": "5.60000000", "price": "0.19884000", "time": "2025-07-14T19:07:06.033944Z", "fetched_at": "2025-07-14T19:10:50.247360+00:00", "symbol": "DOGE-USD"}, {"trade_id": 139013582, "side": "sell", "size": "5.60000000", "price": "0.19882000", "time": "2025-07-14T19:07:05.836434Z", "fetched_at": "2025-07-14T19:10:50.247360+00:00", "symbol": "DOGE-USD"}, {"trade_id": 139013581, "side": "buy", "size": "5.60000000", "price": "0.19876000", "time": "2025-07-14T19:07:01.274604Z", "fetched_at": "2025-07-14T19:10:50.247360+00:00", "symbol": "DOGE-USD"}, {"trade_id": 139013580, "side": "buy", "size": "11.40000000", "price": "0.19877000", "time": "2025-07-14T19:07:01.274604Z", "fetched_at": "2025-07-14T19:10:50.247360+00:00", "symbol": "DOGE-USD"}, {"trade_id": 139013579, "side": "buy", "size": "2012.50000000", "price": "0.19878000", "time": "2025-07-14T19:07:01.244714Z", "fetched_at": "2025-07-14T19:10:50.247360+00:00", "symbol": "DOGE-USD"}, {"trade_id": 139013578, "side": "buy", "size": "5.60000000", "price": "0.19878000", "time": "2025-07-14T19:07:01.244714Z", "fetched_at": "2025-07-14T19:10:50.247360+00:00", "symbol": "DOGE-USD"}, {"trade_id": 139013577, "side": "buy", "size": "5.60000000", "price": "0.19880000", "time": "2025-07-14T19:07:01.213003Z", "fetched_at": "2025-07-14T19:10:50.247360+00:00", "symbol": "DOGE-USD"}, {"trade_id": 139013576, "side": "sell", "size": "5.60000000", "price": "0.19886000", "time": "2025-07-14T19:06:57.089978Z", "fetched_at": "2025-07-14T19:10:50.247360+00:00", "symbol": "DOGE-USD"}, {"trade_id": 139013575, "side": "sell", "size": "104.80000000", "price": "0.19886000", "time": "2025-07-14T19:06:57.089978Z", "fetched_at": "2025-07-14T19:10:50.247360+00:00", "symbol": "DOGE-USD"}, {"trade_id": 139013574, "side": "sell", "size": "5.60000000", "price": "0.19884000", "time": "2025-07-14T19:06:55.861393Z", "fetched_at": "2025-07-14T19:10:50.247360+00:00", "symbol": "DOGE-USD"}, {"trade_id": 139013573, "side": "buy", "size": "595.00000000", "price": "0.19882000", "time": "2025-07-14T19:06:54.238633Z", "fetched_at": "2025-07-14T19:10:50.247360+00:00", "symbol": "DOGE-USD"}, {"trade_id": 139013572, "side": "sell", "size": "288.90000000", "price": "0.19882000", "time": "2025-07-14T19:06:51.095883Z", "fetched_at": "2025-07-14T19:10:50.247360+00:00", "symbol": "DOGE-USD"}, {"trade_id": 139013571, "side": "sell", "size": "18325.00000000", "price": "0.19883000", "time": "2025-07-14T19:06:50.389652Z", "fetched_at": "2025-07-14T19:10:50.247360+00:00", "symbol": "DOGE-USD"}, {"trade_id": 139013570, "side": "sell", "size": "77.50000000", "price": "0.19883000", "time": "2025-07-14T19:06:50.389652Z", "fetched_at": "2025-07-14T19:10:50.247360+00:00", "symbol": "DOGE-USD"}, {"trade_id": 139013569, "side": "sell", "size": "71.00000000", "price": "0.19882000", "time": "2025-07-14T19:06:50.389652Z", "fetched_at": "2025-07-14T19:10:50.247360+00:00", "symbol": "DOGE-USD"}, {"trade_id": 139013568, "side": "sell", "size": "5.60000000", "price": "0.19882000", "time": "2025-07-14T19:06:50.389652Z", "fetched_at": "2025-07-14T19:10:50.247360+00:00", "symbol": "DOGE-USD"}, {"trade_id": 139013567, "side": "sell", "size": "188.30000000", "price": "0.19882000", "time": "2025-07-14T19:06:50.389652Z", "fetched_at": "2025-07-14T19:10:50.247360+00:00", "symbol": "DOGE-USD"}, {"trade_id": 139013566, "side": "sell", "size": "71.00000000", "price": "0.19881000", "time": "2025-07-14T19:06:49.651315Z", "fetched_at": "2025-07-14T19:10:50.247360+00:00", "symbol": "DOGE-USD"}, {"trade_id": 139013565, "side": "sell", "size": "424.90000000", "price": "0.19881000", "time": "2025-07-14T19:06:49.428632Z", "fetched_at": "2025-07-14T19:10:50.247360+00:00", "symbol": "DOGE-USD"}, {"trade_id": 139013564, "side": "sell", "size": "45.00000000", "price": "0.19880000", "time": "2025-07-14T19:06:49.262451Z", "fetched_at": "2025-07-14T19:10:50.247360+00:00", "symbol": "DOGE-USD"}, {"trade_id": 139013563, "side": "sell", "size": "102.90000000", "price": "0.19880000", "time": "2025-07-14T19:06:49.251828Z", "fetched_at": "2025-07-14T19:10:50.247360+00:00", "symbol": "DOGE-USD"}, {"trade_id": 139013562, "side": "sell", "size": "5.60000000", "price": "0.19880000", "time": "2025-07-14T19:06:49.251828Z", "fetched_at": "2025-07-14T19:10:50.247360+00:00", "symbol": "DOGE-USD"}, {"trade_id": 139013561, "side": "sell", "size": "193.60000000", "price": "0.19879000", "time": "2025-07-14T19:06:49.241049Z", "fetched_at": "2025-07-14T19:10:50.247360+00:00", "symbol": "DOGE-USD"}, {"trade_id": 139013560, "side": "sell", "size": "49.50000000", "price": "0.19878000", "time": "2025-07-14T19:06:48.413811Z", "fetched_at": "2025-07-14T19:10:50.247360+00:00", "symbol": "DOGE-USD"}, {"trade_id": 139013559, "side": "sell", "size": "5.60000000", "price": "0.19878000", "time": "2025-07-14T19:06:48.403091Z", "fetched_at": "2025-07-14T19:10:50.247360+00:00", "symbol": "DOGE-USD"}, {"trade_id": 139013558, "side": "sell", "size": "62.50000000", "price": "0.19878000", "time": "2025-07-14T19:06:48.403091Z", "fetched_at": "2025-07-14T19:10:50.247360+00:00", "symbol": "DOGE-USD"}, {"trade_id": 139013557, "side": "sell", "size": "49.50000000", "price": "0.19877000", "time": "2025-07-14T19:06:48.392819Z", "fetched_at": "2025-07-14T19:10:50.247360+00:00", "symbol": "DOGE-USD"}, {"trade_id": 139013556, "side": "sell", "size": "4995.90000000", "price": "0.19877000", "time": "2025-07-14T19:06:48.382607Z", "fetched_at": "2025-07-14T19:10:50.247360+00:00", "symbol": "DOGE-USD"}, {"trade_id": 139013555, "side": "sell", "size": "49.50000000", "price": "0.19877000", "time": "2025-07-14T19:06:48.382607Z", "fetched_at": "2025-07-14T19:10:50.247360+00:00", "symbol": "DOGE-USD"}, {"trade_id": 139013554, "side": "sell", "size": "163.30000000", "price": "0.19877000", "time": "2025-07-14T19:06:48.382607Z", "fetched_at": "2025-07-14T19:10:50.247360+00:00", "symbol": "DOGE-USD"}, {"trade_id": 139013553, "side": "sell", "size": "5.60000000", "price": "0.19876000", "time": "2025-07-14T19:06:47.689393Z", "fetched_at": "2025-07-14T19:10:50.247360+00:00", "symbol": "DOGE-USD"}, {"trade_id": 139013552, "side": "sell", "size": "82.60000000", "price": "0.19876000", "time": "2025-07-14T19:06:47.689393Z", "fetched_at": "2025-07-14T19:10:50.247360+00:00", "symbol": "DOGE-USD"}, {"trade_id": 139013551, "side": "sell", "size": "5.60000000", "price": "0.19874000", "time": "2025-07-14T19:06:45.646890Z", "fetched_at": "2025-07-14T19:10:50.247360+00:00", "symbol": "DOGE-USD"}, {"trade_id": 139013550, "side": "sell", "size": "52.60000000", "price": "0.19872000", "time": "2025-07-14T19:06:45.545009Z", "fetched_at": "2025-07-14T19:10:50.247360+00:00", "symbol": "DOGE-USD"}, {"trade_id": 139013549, "side": "sell", "size": "5.60000000", "price": "0.19872000", "time": "2025-07-14T19:06:45.545009Z", "fetched_at": "2025-07-14T19:10:50.247360+00:00", "symbol": "DOGE-USD"}, {"trade_id": 139013548, "side": "sell", "size": "5.60000000", "price": "0.19870000", "time": "2025-07-14T19:06:44.337058Z", "fetched_at": "2025-07-14T19:10:50.247360+00:00", "symbol": "DOGE-USD"}, {"trade_id": 139013547, "side": "sell", "size": "52.60000000", "price": "0.19869000", "time": "2025-07-14T19:06:43.095689Z", "fetched_at": "2025-07-14T19:10:50.247360+00:00", "symbol": "DOGE-USD"}, {"trade_id": 139013546, "side": "sell", "size": "5.60000000", "price": "0.19868000", "time": "2025-07-14T19:06:43.077261Z", "fetched_at": "2025-07-14T19:10:50.247360+00:00", "symbol": "DOGE-USD"}, {"trade_id": 139013545, "side": "sell", "size": "433.30000000", "price": "0.19866000", "time": "2025-07-14T19:06:42.909510Z", "fetched_at": "2025-07-14T19:10:50.247360+00:00", "symbol": "DOGE-USD"}, {"trade_id": 139013544, "side": "buy", "size": "19.80000000", "price": "0.19863000", "time": "2025-07-14T19:06:41.788363Z", "fetched_at": "2025-07-14T19:10:50.247360+00:00", "symbol": "DOGE-USD"}, {"trade_id": 139013543, "side": "buy", "size": "7.50000000", "price": "0.19864000", "time": "2025-07-14T19:06:41.788363Z", "fetched_at": "2025-07-14T19:10:50.247360+00:00", "symbol": "DOGE-USD"}, {"trade_id": 139013542, "side": "buy", "size": "8.60000000", "price": "0.19865000", "time": "2025-07-14T19:06:37.610518Z", "fetched_at": "2025-07-14T19:10:50.247360+00:00", "symbol": "DOGE-USD"}, {"trade_id": 139013541, "side": "buy", "size": "6.90000000", "price": "0.19866000", "time": "2025-07-14T19:06:37.610518Z", "fetched_at": "2025-07-14T19:10:50.247360+00:00", "symbol": "DOGE-USD"}, {"trade_id": 139013540, "side": "sell", "size": "32.80000000", "price": "0.19867000", "time": "2025-07-14T19:06:33.563342Z", "fetched_at": "2025-07-14T19:10:50.247360+00:00", "symbol": "DOGE-USD"}, {"trade_id": 139013539, "side": "sell", "size": "66.90000000", "price": "0.19866000", "time": "2025-07-14T19:06:33.563342Z", "fetched_at": "2025-07-14T19:10:50.247360+00:00", "symbol": "DOGE-USD"}, {"trade_id": 139013538, "side": "buy", "size": "23.60000000", "price": "0.19864000", "time": "2025-07-14T19:06:23.046742Z", "fetched_at": "2025-07-14T19:10:50.247360+00:00", "symbol": "DOGE-USD"}, {"trade_id": 139013537, "side": "buy", "size": "5.60000000", "price": "0.19864000", "time": "2025-07-14T19:06:23.046742Z", "fetched_at": "2025-07-14T19:10:50.247360+00:00", "symbol": "DOGE-USD"}, {"trade_id": 139013536, "side": "buy", "size": "5.60000000", "price": "0.19866000", "time": "2025-07-14T19:06:22.919759Z", "fetched_at": "2025-07-14T19:10:50.247360+00:00", "symbol": "DOGE-USD"}, {"trade_id": 139013535, "side": "buy", "size": "24.40000000", "price": "0.19868000", "time": "2025-07-14T19:06:21.999807Z", "fetched_at": "2025-07-14T19:10:50.247360+00:00", "symbol": "DOGE-USD"}, {"trade_id": 139013534, "side": "buy", "size": "130.80000000", "price": "0.19874000", "time": "2025-07-14T19:06:14.140072Z", "fetched_at": "2025-07-14T19:10:50.247360+00:00", "symbol": "DOGE-USD"}, {"trade_id": 139013533, "side": "sell", "size": "112.70000000", "price": "0.19875000", "time": "2025-07-14T19:06:14.104481Z", "fetched_at": "2025-07-14T19:10:50.247360+00:00", "symbol": "DOGE-USD"}, {"trade_id": 139013532, "side": "sell", "size": "5.60000000", "price": "0.19874000", "time": "2025-07-14T19:06:13.429969Z", "fetched_at": "2025-07-14T19:10:50.247360+00:00", "symbol": "DOGE-USD"}, {"trade_id": 139013531, "side": "sell", "size": "19.60000000", "price": "0.19873000", "time": "2025-07-14T19:06:12.609640Z", "fetched_at": "2025-07-14T19:10:50.247360+00:00", "symbol": "DOGE-USD"}, {"trade_id": 139013530, "side": "sell", "size": "5.60000000", "price": "0.19872000", "time": "2025-07-14T19:06:09.907760Z", "fetched_at": "2025-07-14T19:10:50.247360+00:00", "symbol": "DOGE-USD"}, {"trade_id": 139013529, "side": "sell", "size": "5.60000000", "price": "0.19870000", "time": "2025-07-14T19:06:09.247520Z", "fetched_at": "2025-07-14T19:10:50.247360+00:00", "symbol": "DOGE-USD"}, {"trade_id": 139013528, "side": "buy", "size": "1620.70000000", "price": "0.19865000", "time": "2025-07-14T19:06:08.273258Z", "fetched_at": "2025-07-14T19:10:50.247360+00:00", "symbol": "DOGE-USD"}, {"trade_id": 139013527, "side": "buy", "size": "1591.90000000", "price": "0.19865000", "time": "2025-07-14T19:06:08.273258Z", "fetched_at": "2025-07-14T19:10:50.247360+00:00", "symbol": "DOGE-USD"}, {"trade_id": 139013526, "side": "buy", "size": "810.00000000", "price": "0.19865000", "time": "2025-07-14T19:06:08.273258Z", "fetched_at": "2025-07-14T19:10:50.247360+00:00", "symbol": "DOGE-USD"}, {"trade_id": 139013525, "side": "buy", "size": "1349.80000000", "price": "0.19865000", "time": "2025-07-14T19:06:08.273258Z", "fetched_at": "2025-07-14T19:10:50.247360+00:00", "symbol": "DOGE-USD"}, {"trade_id": 139013524, "side": "buy", "size": "700.00000000", "price": "0.19866000", "time": "2025-07-14T19:06:08.273258Z", "fetched_at": "2025-07-14T19:10:50.247360+00:00", "symbol": "DOGE-USD"}, {"trade_id": 139013523, "side": "buy", "size": "57.80000000", "price": "0.19866000", "time": "2025-07-14T19:06:08.273258Z", "fetched_at": "2025-07-14T19:10:50.247360+00:00", "symbol": "DOGE-USD"}, {"trade_id": 139013522, "side": "buy", "size": "810.00000000", "price": "0.19867000", "time": "2025-07-14T19:06:08.273258Z", "fetched_at": "2025-07-14T19:10:50.247360+00:00", "symbol": "DOGE-USD"}, {"trade_id": 139013521, "side": "buy", "size": "183.00000000", "price": "0.19867000", "time": "2025-07-14T19:06:08.273258Z", "fetched_at": "2025-07-14T19:10:50.247360+00:00", "symbol": "DOGE-USD"}, {"trade_id": 139013520, "side": "sell", "size": "64.60000000", "price": "0.19866000", "time": "2025-07-14T19:06:08.251096Z", "fetched_at": "2025-07-14T19:10:50.247360+00:00", "symbol": "DOGE-USD"}, {"trade_id": 139013519, "side": "sell", "size": "133.70000000", "price": "0.19863000", "time": "2025-07-14T19:06:06.527532Z", "fetched_at": "2025-07-14T19:10:50.247360+00:00", "symbol": "DOGE-USD"}, {"trade_id": 139013518, "side": "buy", "size": "2951.30000000", "price": "0.19864000", "time": "2025-07-14T19:06:06.427492Z", "fetched_at": "2025-07-14T19:10:50.247360+00:00", "symbol": "DOGE-USD"}, {"trade_id": 139013517, "side": "buy", "size": "1373.00000000", "price": "0.19864000", "time": "2025-07-14T19:06:06.427492Z", "fetched_at": "2025-07-14T19:10:50.247360+00:00", "symbol": "DOGE-USD"}, {"trade_id": 139013516, "side": "buy", "size": "5.60000000", "price": "0.19864000", "time": "2025-07-14T19:06:06.427492Z", "fetched_at": "2025-07-14T19:10:50.247360+00:00", "symbol": "DOGE-USD"}, {"trade_id": 139013515, "side": "buy", "size": "11163.70000000", "price": "0.19865000", "time": "2025-07-14T19:06:06.427492Z", "fetched_at": "2025-07-14T19:10:50.247360+00:00", "symbol": "DOGE-USD"}, {"trade_id": 139013514, "side": "buy", "size": "1591.90000000", "price": "0.19865000", "time": "2025-07-14T19:06:06.427492Z", "fetched_at": "2025-07-14T19:10:50.247360+00:00", "symbol": "DOGE-USD"}, {"trade_id": 139013513, "side": "buy", "size": "67.00000000", "price": "0.19866000", "time": "2025-07-14T19:06:06.427492Z", "fetched_at": "2025-07-14T19:10:50.247360+00:00", "symbol": "DOGE-USD"}, {"trade_id": 139013512, "side": "buy", "size": "425.80000000", "price": "0.19866000", "time": "2025-07-14T19:06:06.427492Z", "fetched_at": "2025-07-14T19:10:50.247360+00:00", "symbol": "DOGE-USD"}, {"trade_id": 139013511, "side": "buy", "size": "5.60000000", "price": "0.19866000", "time": "2025-07-14T19:06:06.427492Z", "fetched_at": "2025-07-14T19:10:50.247360+00:00", "symbol": "DOGE-USD"}, {"trade_id": 139013510, "side": "buy", "size": "64.60000000", "price": "0.19867000", "time": "2025-07-14T19:06:06.427492Z", "fetched_at": "2025-07-14T19:10:50.247360+00:00", "symbol": "DOGE-USD"}, {"trade_id": 139013509, "side": "buy", "size": "5527.10000000", "price": "0.19868000", "time": "2025-07-14T19:06:03.585193Z", "fetched_at": "2025-07-14T19:10:50.247360+00:00", "symbol": "DOGE-USD"}, {"trade_id": 139013508, "side": "buy", "size": "10044.20000000", "price": "0.19868000", "time": "2025-07-14T19:06:03.585193Z", "fetched_at": "2025-07-14T19:10:50.247360+00:00", "symbol": "DOGE-USD"}, {"trade_id": 139013507, "side": "buy", "size": "1591.90000000", "price": "0.19868000", "time": "2025-07-14T19:06:03.585193Z", "fetched_at": "2025-07-14T19:10:50.247360+00:00", "symbol": "DOGE-USD"}, {"trade_id": 139013506, "side": "buy", "size": "62.10000000", "price": "0.19869000", "time": "2025-07-14T19:06:03.585193Z", "fetched_at": "2025-07-14T19:10:50.247360+00:00", "symbol": "DOGE-USD"}, {"trade_id": 139013505, "side": "buy", "size": "11128.70000000", "price": "0.19872000", "time": "2025-07-14T19:06:02.592458Z", "fetched_at": "2025-07-14T19:10:50.247360+00:00", "symbol": "DOGE-USD"}, {"trade_id": 139013504, "side": "buy", "size": "2715.60000000", "price": "0.19872000", "time": "2025-07-14T19:06:02.592458Z", "fetched_at": "2025-07-14T19:10:50.247360+00:00", "symbol": "DOGE-USD"}, {"trade_id": 139013503, "side": "buy", "size": "1591.90000000", "price": "0.19872000", "time": "2025-07-14T19:06:02.592458Z", "fetched_at": "2025-07-14T19:10:50.247360+00:00", "symbol": "DOGE-USD"}, {"trade_id": 139013502, "side": "buy", "size": "61.00000000", "price": "0.19873000", "time": "2025-07-14T19:06:02.592458Z", "fetched_at": "2025-07-14T19:10:50.247360+00:00", "symbol": "DOGE-USD"}, {"trade_id": 139013501, "side": "sell", "size": "5.60000000", "price": "0.19874000", "time": "2025-07-14T19:05:58.833718Z", "fetched_at": "2025-07-14T19:10:50.247360+00:00", "symbol": "DOGE-USD"}, {"trade_id": 139013500, "side": "sell", "size": "5.60000000", "price": "0.19872000", "time": "2025-07-14T19:05:58.020297Z", "fetched_at": "2025-07-14T19:10:50.247360+00:00", "symbol": "DOGE-USD"}, {"trade_id": 139013499, "side": "buy", "size": "41.00000000", "price": "0.19867000", "time": "2025-07-14T19:05:52.662096Z", "fetched_at": "2025-07-14T19:10:50.247360+00:00", "symbol": "DOGE-USD"}, {"trade_id": 139013498, "side": "buy", "size": "149.40000000", "price": "0.19862000", "time": "2025-07-14T19:05:51.611940Z", "fetched_at": "2025-07-14T19:10:50.247360+00:00", "symbol": "DOGE-USD"}, {"trade_id": 139013497, "side": "buy", "size": "34.70000000", "price": "0.19863000", "time": "2025-07-14T19:05:51.611940Z", "fetched_at": "2025-07-14T19:10:50.247360+00:00", "symbol": "DOGE-USD"}, {"trade_id": 139013496, "side": "buy", "size": "950.00000000", "price": "0.19861000", "time": "2025-07-14T19:05:50.600690Z", "fetched_at": "2025-07-14T19:10:50.247360+00:00", "symbol": "DOGE-USD"}, {"trade_id": 139013495, "side": "buy", "size": "38.80000000", "price": "0.19861000", "time": "2025-07-14T19:05:50.600690Z", "fetched_at": "2025-07-14T19:10:50.247360+00:00", "symbol": "DOGE-USD"}, {"trade_id": 139013494, "side": "buy", "size": "5.60000000", "price": "0.19862000", "time": "2025-07-14T19:05:50.600690Z", "fetched_at": "2025-07-14T19:10:50.247360+00:00", "symbol": "DOGE-USD"}, {"trade_id": 139013493, "side": "buy", "size": "5.60000000", "price": "0.19864000", "time": "2025-07-14T19:05:50.600690Z", "fetched_at": "2025-07-14T19:10:50.247360+00:00", "symbol": "DOGE-USD"}, {"trade_id": 139013492, "side": "buy", "size": "1944.50000000", "price": "0.19866000", "time": "2025-07-14T19:05:50.269291Z", "fetched_at": "2025-07-14T19:10:50.247360+00:00", "symbol": "DOGE-USD"}, {"trade_id": 139013491, "side": "buy", "size": "5.60000000", "price": "0.19866000", "time": "2025-07-14T19:05:50.269291Z", "fetched_at": "2025-07-14T19:10:50.247360+00:00", "symbol": "DOGE-USD"}, {"trade_id": 139013490, "side": "buy", "size": "1373.00000000", "price": "0.19867000", "time": "2025-07-14T19:05:50.269291Z", "fetched_at": "2025-07-14T19:10:50.247360+00:00", "symbol": "DOGE-USD"}, {"trade_id": 139013489, "side": "buy", "size": "10914.10000000", "price": "0.19869000", "time": "2025-07-14T19:05:50.179826Z", "fetched_at": "2025-07-14T19:10:50.247360+00:00", "symbol": "DOGE-USD"}, {"trade_id": 139013488, "side": "buy", "size": "16466.90000000", "price": "0.19870000", "time": "2025-07-14T19:05:50.163919Z", "fetched_at": "2025-07-14T19:10:50.247360+00:00", "symbol": "DOGE-USD"}, {"trade_id": 139013487, "side": "buy", "size": "5.60000000", "price": "0.19870000", "time": "2025-07-14T19:05:50.163919Z", "fetched_at": "2025-07-14T19:10:50.247360+00:00", "symbol": "DOGE-USD"}, {"trade_id": 139013486, "side": "sell", "size": "987.00000000", "price": "0.19873000", "time": "2025-07-14T19:05:49.610297Z", "fetched_at": "2025-07-14T19:10:50.247360+00:00", "symbol": "DOGE-USD"}, {"trade_id": 139013485, "side": "sell", "size": "29.40000000", "price": "0.19872000", "time": "2025-07-14T19:05:49.610297Z", "fetched_at": "2025-07-14T19:10:50.247360+00:00", "symbol": "DOGE-USD"}, {"trade_id": 139013484, "side": "buy", "size": "1944.50000000", "price": "0.19873000", "time": "2025-07-14T19:05:48.832366Z", "fetched_at": "2025-07-14T19:10:50.247360+00:00", "symbol": "DOGE-USD"}, {"trade_id": 139013483, "side": "sell", "size": "5.60000000", "price": "0.19874000", "time": "2025-07-14T19:05:44.108995Z", "fetched_at": "2025-07-14T19:10:50.247360+00:00", "symbol": "DOGE-USD"}, {"trade_id": 139013482, "side": "sell", "size": "27.30000000", "price": "0.19874000", "time": "2025-07-14T19:05:44.108995Z", "fetched_at": "2025-07-14T19:10:50.247360+00:00", "symbol": "DOGE-USD"}, {"trade_id": 139013481, "side": "sell", "size": "24.90000000", "price": "0.19871000", "time": "2025-07-14T19:05:43.361130Z", "fetched_at": "2025-07-14T19:10:50.247360+00:00", "symbol": "DOGE-USD"}, {"trade_id": 139013480, "side": "sell", "size": "5.60000000", "price": "0.19872000", "time": "2025-07-14T19:05:42.176763Z", "fetched_at": "2025-07-14T19:10:50.247360+00:00", "symbol": "DOGE-USD"}, {"trade_id": 139013479, "side": "sell", "size": "5.60000000", "price": "0.19870000", "time": "2025-07-14T19:05:42.108737Z", "fetched_at": "2025-07-14T19:10:50.247360+00:00", "symbol": "DOGE-USD"}, {"trade_id": 139013478, "side": "sell", "size": "5.60000000", "price": "0.19868000", "time": "2025-07-14T19:05:41.890075Z", "fetched_at": "2025-07-14T19:10:50.247360+00:00", "symbol": "DOGE-USD"}, {"trade_id": 139013477, "side": "sell", "size": "5.60000000", "price": "0.19866000", "time": "2025-07-14T19:05:41.086210Z", "fetched_at": "2025-07-14T19:10:50.247360+00:00", "symbol": "DOGE-USD"}, {"trade_id": 139013476, "side": "sell", "size": "19.50000000", "price": "0.19866000", "time": "2025-07-14T19:05:41.086210Z", "fetched_at": "2025-07-14T19:10:50.247360+00:00", "symbol": "DOGE-USD"}, {"trade_id": 139013475, "side": "sell", "size": "5.60000000", "price": "0.19864000", "time": "2025-07-14T19:05:40.410907Z", "fetched_at": "2025-07-14T19:10:50.247360+00:00", "symbol": "DOGE-USD"}, {"trade_id": 139013474, "side": "buy", "size": "200.80000000", "price": "0.19863000", "time": "2025-07-14T19:05:40.110992Z", "fetched_at": "2025-07-14T19:10:50.247360+00:00", "symbol": "DOGE-USD"}, {"trade_id": 139013473, "side": "sell", "size": "5.60000000", "price": "0.19862000", "time": "2025-07-14T19:05:39.701679Z", "fetched_at": "2025-07-14T19:10:50.247360+00:00", "symbol": "DOGE-USD"}, {"trade_id": 139013472, "side": "sell", "size": "288.90000000", "price": "0.19859000", "time": "2025-07-14T19:05:39.035582Z", "fetched_at": "2025-07-14T19:10:50.247360+00:00", "symbol": "DOGE-USD"}, {"trade_id": 139013471, "side": "sell", "size": "1.10000000", "price": "0.19860000", "time": "2025-07-14T19:05:38.728774Z", "fetched_at": "2025-07-14T19:10:50.247360+00:00", "symbol": "DOGE-USD"}, {"trade_id": 139013470, "side": "sell", "size": "1.60000000", "price": "0.19860000", "time": "2025-07-14T19:05:38.728774Z", "fetched_at": "2025-07-14T19:10:50.247360+00:00", "symbol": "DOGE-USD"}, {"trade_id": 139013469, "side": "sell", "size": "73.40000000", "price": "0.19858000", "time": "2025-07-14T19:05:36.140229Z", "fetched_at": "2025-07-14T19:10:50.247360+00:00", "symbol": "DOGE-USD"}, {"trade_id": 139013468, "side": "sell", "size": "3023.40000000", "price": "0.19852000", "time": "2025-07-14T19:05:33.738100Z", "fetched_at": "2025-07-14T19:10:50.247360+00:00", "symbol": "DOGE-USD"}, {"trade_id": 139013467, "side": "sell", "size": "18444.20000000", "price": "0.19858000", "time": "2025-07-14T19:05:33.731967Z", "fetched_at": "2025-07-14T19:10:50.247360+00:00", "symbol": "DOGE-USD"}, {"trade_id": 139013466, "side": "sell", "size": "5.60000000", "price": "0.19858000", "time": "2025-07-14T19:05:33.731967Z", "fetched_at": "2025-07-14T19:10:50.247360+00:00", "symbol": "DOGE-USD"}, {"trade_id": 139013465, "side": "sell", "size": "3202.50000000", "price": "0.19858000", "time": "2025-07-14T19:05:33.731967Z", "fetched_at": "2025-07-14T19:10:50.247360+00:00", "symbol": "DOGE-USD"}, {"trade_id": 139013464, "side": "sell", "size": "1591.90000000", "price": "0.19858000", "time": "2025-07-14T19:05:33.731967Z", "fetched_at": "2025-07-14T19:10:50.247360+00:00", "symbol": "DOGE-USD"}, {"trade_id": 139013463, "side": "sell", "size": "425.80000000", "price": "0.19848000", "time": "2025-07-14T19:05:33.731886Z", "fetched_at": "2025-07-14T19:10:50.247360+00:00", "symbol": "DOGE-USD"}