[{"trade_id": 139010779, "side": "sell", "size": "119.60000000", "price": "0.19813000", "time": "2025-07-14T18:39:30.172564Z", "fetched_at": "2025-07-14T18:39:32.254940+00:00", "symbol": "DOGE-USD"}, {"trade_id": 139010778, "side": "buy", "size": "21.10000000", "price": "0.19809000", "time": "2025-07-14T18:39:29.322299Z", "fetched_at": "2025-07-14T18:39:32.254940+00:00", "symbol": "DOGE-USD"}, {"trade_id": 139010777, "side": "buy", "size": "48.30000000", "price": "0.19810000", "time": "2025-07-14T18:39:29.322299Z", "fetched_at": "2025-07-14T18:39:32.254940+00:00", "symbol": "DOGE-USD"}, {"trade_id": 139010776, "side": "buy", "size": "5.60000000", "price": "0.19810000", "time": "2025-07-14T18:39:29.322299Z", "fetched_at": "2025-07-14T18:39:32.254940+00:00", "symbol": "DOGE-USD"}, {"trade_id": 139010775, "side": "buy", "size": "5.60000000", "price": "0.19812000", "time": "2025-07-14T18:39:29.322299Z", "fetched_at": "2025-07-14T18:39:32.254940+00:00", "symbol": "DOGE-USD"}, {"trade_id": 139010774, "side": "buy", "size": "2.50000000", "price": "0.19813000", "time": "2025-07-14T18:39:29.322299Z", "fetched_at": "2025-07-14T18:39:32.254940+00:00", "symbol": "DOGE-USD"}, {"trade_id": 139010773, "side": "buy", "size": "5.60000000", "price": "0.19814000", "time": "2025-07-14T18:39:28.716660Z", "fetched_at": "2025-07-14T18:39:32.254940+00:00", "symbol": "DOGE-USD"}, {"trade_id": 139010772, "side": "sell", "size": "315.60000000", "price": "0.19815000", "time": "2025-07-14T18:39:28.051861Z", "fetched_at": "2025-07-14T18:39:32.254940+00:00", "symbol": "DOGE-USD"}, {"trade_id": 139010771, "side": "buy", "size": "979.80000000", "price": "0.19815000", "time": "2025-07-14T18:39:28.042808Z", "fetched_at": "2025-07-14T18:39:32.254940+00:00", "symbol": "DOGE-USD"}, {"trade_id": 139010770, "side": "buy", "size": "5.60000000", "price": "0.19816000", "time": "2025-07-14T18:39:28.042808Z", "fetched_at": "2025-07-14T18:39:32.254940+00:00", "symbol": "DOGE-USD"}, {"trade_id": 139010769, "side": "buy", "size": "48.30000000", "price": "0.19817000", "time": "2025-07-14T18:39:28.042808Z", "fetched_at": "2025-07-14T18:39:32.254940+00:00", "symbol": "DOGE-USD"}, {"trade_id": 139010768, "side": "sell", "size": "48.20000000", "price": "0.19822000", "time": "2025-07-14T18:39:25.886927Z", "fetched_at": "2025-07-14T18:39:32.254940+00:00", "symbol": "DOGE-USD"}, {"trade_id": 139010767, "side": "sell", "size": "5.60000000", "price": "0.19822000", "time": "2025-07-14T18:39:25.886927Z", "fetched_at": "2025-07-14T18:39:32.254940+00:00", "symbol": "DOGE-USD"}, {"trade_id": 139010766, "side": "buy", "size": "137.30000000", "price": "0.19820000", "time": "2025-07-14T18:39:25.273986Z", "fetched_at": "2025-07-14T18:39:32.254940+00:00", "symbol": "DOGE-USD"}, {"trade_id": 139010765, "side": "buy", "size": "135.90000000", "price": "0.19821000", "time": "2025-07-14T18:39:24.842462Z", "fetched_at": "2025-07-14T18:39:32.254940+00:00", "symbol": "DOGE-USD"}, {"trade_id": 139010764, "side": "sell", "size": "5.60000000", "price": "0.19820000", "time": "2025-07-14T18:39:24.362638Z", "fetched_at": "2025-07-14T18:39:32.254940+00:00", "symbol": "DOGE-USD"}, {"trade_id": 139010763, "side": "sell", "size": "449.30000000", "price": "0.19820000", "time": "2025-07-14T18:39:24.150631Z", "fetched_at": "2025-07-14T18:39:32.254940+00:00", "symbol": "DOGE-USD"}, {"trade_id": 139010762, "side": "sell", "size": "48.30000000", "price": "0.19819000", "time": "2025-07-14T18:39:24.150631Z", "fetched_at": "2025-07-14T18:39:32.254940+00:00", "symbol": "DOGE-USD"}, {"trade_id": 139010761, "side": "sell", "size": "5.60000000", "price": "0.19818000", "time": "2025-07-14T18:39:24.150631Z", "fetched_at": "2025-07-14T18:39:32.254940+00:00", "symbol": "DOGE-USD"}, {"trade_id": 139010760, "side": "sell", "size": "19.30000000", "price": "0.19815000", "time": "2025-07-14T18:39:20.589205Z", "fetched_at": "2025-07-14T18:39:32.254940+00:00", "symbol": "DOGE-USD"}, {"trade_id": 139010759, "side": "sell", "size": "48.30000000", "price": "0.19814000", "time": "2025-07-14T18:39:20.589205Z", "fetched_at": "2025-07-14T18:39:32.254940+00:00", "symbol": "DOGE-USD"}, {"trade_id": 139010758, "side": "buy", "size": "5.60000000", "price": "0.19814000", "time": "2025-07-14T18:39:18.768853Z", "fetched_at": "2025-07-14T18:39:32.254940+00:00", "symbol": "DOGE-USD"}, {"trade_id": 139010757, "side": "buy", "size": "5.60000000", "price": "0.19816000", "time": "2025-07-14T18:39:18.403006Z", "fetched_at": "2025-07-14T18:39:32.254940+00:00", "symbol": "DOGE-USD"}, {"trade_id": 139010756, "side": "buy", "size": "3.30000000", "price": "0.19817000", "time": "2025-07-14T18:39:18.399406Z", "fetched_at": "2025-07-14T18:39:32.254940+00:00", "symbol": "DOGE-USD"}, {"trade_id": 139010755, "side": "sell", "size": "61.00000000", "price": "0.19818000", "time": "2025-07-14T18:39:16.857226Z", "fetched_at": "2025-07-14T18:39:32.254940+00:00", "symbol": "DOGE-USD"}, {"trade_id": 139010754, "side": "sell", "size": "442.30000000", "price": "0.19818000", "time": "2025-07-14T18:39:16.857226Z", "fetched_at": "2025-07-14T18:39:32.254940+00:00", "symbol": "DOGE-USD"}, {"trade_id": 139010753, "side": "sell", "size": "377.70000000", "price": "0.19819000", "time": "2025-07-14T18:39:16.689795Z", "fetched_at": "2025-07-14T18:39:32.254940+00:00", "symbol": "DOGE-USD"}, {"trade_id": 139010752, "side": "sell", "size": "5.60000000", "price": "0.19820000", "time": "2025-07-14T18:39:15.009064Z", "fetched_at": "2025-07-14T18:39:32.254940+00:00", "symbol": "DOGE-USD"}, {"trade_id": 139010751, "side": "buy", "size": "47.60000000", "price": "0.19815000", "time": "2025-07-14T18:39:13.230972Z", "fetched_at": "2025-07-14T18:39:32.254940+00:00", "symbol": "DOGE-USD"}, {"trade_id": 139010750, "side": "sell", "size": "2.50000000", "price": "0.19816000", "time": "2025-07-14T18:39:06.420661Z", "fetched_at": "2025-07-14T18:39:32.254940+00:00", "symbol": "DOGE-USD"}, {"trade_id": 139010749, "side": "buy", "size": "3.30000000", "price": "0.19819000", "time": "2025-07-14T18:39:05.858993Z", "fetched_at": "2025-07-14T18:39:32.254940+00:00", "symbol": "DOGE-USD"}, {"trade_id": 139010748, "side": "sell", "size": "420.70000000", "price": "0.19822000", "time": "2025-07-14T18:39:04.847376Z", "fetched_at": "2025-07-14T18:39:32.254940+00:00", "symbol": "DOGE-USD"}, {"trade_id": 139010747, "side": "buy", "size": "900.70000000", "price": "0.19815000", "time": "2025-07-14T18:39:04.470678Z", "fetched_at": "2025-07-14T18:39:32.254940+00:00", "symbol": "DOGE-USD"}, {"trade_id": 139010746, "side": "buy", "size": "1624.20000000", "price": "0.19816000", "time": "2025-07-14T18:39:04.470678Z", "fetched_at": "2025-07-14T18:39:32.254940+00:00", "symbol": "DOGE-USD"}, {"trade_id": 139010745, "side": "buy", "size": "5.60000000", "price": "0.19816000", "time": "2025-07-14T18:39:04.470678Z", "fetched_at": "2025-07-14T18:39:32.254940+00:00", "symbol": "DOGE-USD"}, {"trade_id": 139010744, "side": "buy", "size": "47.60000000", "price": "0.19817000", "time": "2025-07-14T18:39:04.470678Z", "fetched_at": "2025-07-14T18:39:32.254940+00:00", "symbol": "DOGE-USD"}, {"trade_id": 139010743, "side": "buy", "size": "1599.20000000", "price": "0.19818000", "time": "2025-07-14T18:39:04.470678Z", "fetched_at": "2025-07-14T18:39:32.254940+00:00", "symbol": "DOGE-USD"}, {"trade_id": 139010742, "side": "buy", "size": "5.60000000", "price": "0.19818000", "time": "2025-07-14T18:39:04.470678Z", "fetched_at": "2025-07-14T18:39:32.254940+00:00", "symbol": "DOGE-USD"}, {"trade_id": 139010741, "side": "buy", "size": "122.70000000", "price": "0.19817000", "time": "2025-07-14T18:39:00.138238Z", "fetched_at": "2025-07-14T18:39:32.254940+00:00", "symbol": "DOGE-USD"}, {"trade_id": 139010740, "side": "buy", "size": "5.60000000", "price": "0.19818000", "time": "2025-07-14T18:39:00.138238Z", "fetched_at": "2025-07-14T18:39:32.254940+00:00", "symbol": "DOGE-USD"}, {"trade_id": 139010739, "side": "buy", "size": "5.60000000", "price": "0.19820000", "time": "2025-07-14T18:38:59.827898Z", "fetched_at": "2025-07-14T18:39:32.254940+00:00", "symbol": "DOGE-USD"}, {"trade_id": 139010738, "side": "buy", "size": "5.60000000", "price": "0.19822000", "time": "2025-07-14T18:38:58.080775Z", "fetched_at": "2025-07-14T18:39:32.254940+00:00", "symbol": "DOGE-USD"}, {"trade_id": 139010737, "side": "sell", "size": "95.60000000", "price": "0.19823000", "time": "2025-07-14T18:38:57.479022Z", "fetched_at": "2025-07-14T18:39:32.254940+00:00", "symbol": "DOGE-USD"}, {"trade_id": 139010736, "side": "sell", "size": "119.50000000", "price": "0.19823000", "time": "2025-07-14T18:38:56.748814Z", "fetched_at": "2025-07-14T18:39:32.254940+00:00", "symbol": "DOGE-USD"}, {"trade_id": 139010735, "side": "sell", "size": "321.20000000", "price": "0.19823000", "time": "2025-07-14T18:38:56.389106Z", "fetched_at": "2025-07-14T18:39:32.254940+00:00", "symbol": "DOGE-USD"}, {"trade_id": 139010734, "side": "sell", "size": "481.60000000", "price": "0.19823000", "time": "2025-07-14T18:38:56.389106Z", "fetched_at": "2025-07-14T18:39:32.254940+00:00", "symbol": "DOGE-USD"}, {"trade_id": 139010733, "side": "sell", "size": "315.60000000", "price": "0.19823000", "time": "2025-07-14T18:38:56.389106Z", "fetched_at": "2025-07-14T18:39:32.254940+00:00", "symbol": "DOGE-USD"}, {"trade_id": 139010732, "side": "sell", "size": "477.10000000", "price": "0.19823000", "time": "2025-07-14T18:38:56.389106Z", "fetched_at": "2025-07-14T18:39:32.254940+00:00", "symbol": "DOGE-USD"}, {"trade_id": 139010731, "side": "buy", "size": "2018.00000000", "price": "0.19824000", "time": "2025-07-14T18:38:56.379361Z", "fetched_at": "2025-07-14T18:39:32.254940+00:00", "symbol": "DOGE-USD"}, {"trade_id": 139010730, "side": "buy", "size": "5.60000000", "price": "0.19824000", "time": "2025-07-14T18:38:56.379361Z", "fetched_at": "2025-07-14T18:39:32.254940+00:00", "symbol": "DOGE-USD"}, {"trade_id": 139010729, "side": "buy", "size": "48.20000000", "price": "0.19825000", "time": "2025-07-14T18:38:56.379361Z", "fetched_at": "2025-07-14T18:39:32.254940+00:00", "symbol": "DOGE-USD"}, {"trade_id": 139010728, "side": "sell", "size": "12.50000000", "price": "0.19829000", "time": "2025-07-14T18:38:52.373658Z", "fetched_at": "2025-07-14T18:39:32.254940+00:00", "symbol": "DOGE-USD"}, {"trade_id": 139010727, "side": "buy", "size": "4.10000000", "price": "0.19826000", "time": "2025-07-14T18:38:52.346682Z", "fetched_at": "2025-07-14T18:39:32.254940+00:00", "symbol": "DOGE-USD"}, {"trade_id": 139010726, "side": "buy", "size": "3.30000000", "price": "0.19828000", "time": "2025-07-14T18:38:52.346682Z", "fetched_at": "2025-07-14T18:39:32.254940+00:00", "symbol": "DOGE-USD"}, {"trade_id": 139010725, "side": "buy", "size": "71.20000000", "price": "0.19828000", "time": "2025-07-14T18:38:51.628905Z", "fetched_at": "2025-07-14T18:39:32.254940+00:00", "symbol": "DOGE-USD"}, {"trade_id": 139010724, "side": "sell", "size": "6.20000000", "price": "0.19831000", "time": "2025-07-14T18:38:51.365783Z", "fetched_at": "2025-07-14T18:39:32.254940+00:00", "symbol": "DOGE-USD"}, {"trade_id": 139010723, "side": "sell", "size": "201.50000000", "price": "0.19831000", "time": "2025-07-14T18:38:49.612428Z", "fetched_at": "2025-07-14T18:39:32.254940+00:00", "symbol": "DOGE-USD"}, {"trade_id": 139010722, "side": "sell", "size": "48.20000000", "price": "0.19830000", "time": "2025-07-14T18:38:49.612428Z", "fetched_at": "2025-07-14T18:39:32.254940+00:00", "symbol": "DOGE-USD"}, {"trade_id": 139010721, "side": "sell", "size": "5.10000000", "price": "0.19834000", "time": "2025-07-14T18:38:49.067597Z", "fetched_at": "2025-07-14T18:39:32.254940+00:00", "symbol": "DOGE-USD"}, {"trade_id": 139010720, "side": "sell", "size": "5.60000000", "price": "0.19834000", "time": "2025-07-14T18:38:49.067597Z", "fetched_at": "2025-07-14T18:39:32.254940+00:00", "symbol": "DOGE-USD"}, {"trade_id": 139010719, "side": "sell", "size": "48.20000000", "price": "0.19833000", "time": "2025-07-14T18:38:49.067597Z", "fetched_at": "2025-07-14T18:39:32.254940+00:00", "symbol": "DOGE-USD"}, {"trade_id": 139010718, "side": "sell", "size": "5.60000000", "price": "0.19832000", "time": "2025-07-14T18:38:49.067597Z", "fetched_at": "2025-07-14T18:39:32.254940+00:00", "symbol": "DOGE-USD"}, {"trade_id": 139010717, "side": "buy", "size": "2249.30000000", "price": "0.19827000", "time": "2025-07-14T18:38:46.483363Z", "fetched_at": "2025-07-14T18:39:32.254940+00:00", "symbol": "DOGE-USD"}, {"trade_id": 139010716, "side": "buy", "size": "1362.60000000", "price": "0.19827000", "time": "2025-07-14T18:38:46.483363Z", "fetched_at": "2025-07-14T18:39:32.254940+00:00", "symbol": "DOGE-USD"}, {"trade_id": 139010715, "side": "buy", "size": "48.20000000", "price": "0.19828000", "time": "2025-07-14T18:38:46.483363Z", "fetched_at": "2025-07-14T18:39:32.254940+00:00", "symbol": "DOGE-USD"}, {"trade_id": 139010714, "side": "buy", "size": "978.40000000", "price": "0.19829000", "time": "2025-07-14T18:38:46.483363Z", "fetched_at": "2025-07-14T18:39:32.254940+00:00", "symbol": "DOGE-USD"}, {"trade_id": 139010713, "side": "buy", "size": "1492.50000000", "price": "0.19831000", "time": "2025-07-14T18:38:46.483363Z", "fetched_at": "2025-07-14T18:39:32.254940+00:00", "symbol": "DOGE-USD"}, {"trade_id": 139010712, "side": "buy", "size": "1500.20000000", "price": "0.19831000", "time": "2025-07-14T18:38:46.483363Z", "fetched_at": "2025-07-14T18:39:32.254940+00:00", "symbol": "DOGE-USD"}, {"trade_id": 139010711, "side": "sell", "size": "375.70000000", "price": "0.19829000", "time": "2025-07-14T18:38:43.977978Z", "fetched_at": "2025-07-14T18:39:32.254940+00:00", "symbol": "DOGE-USD"}, {"trade_id": 139010710, "side": "buy", "size": "18934.10000000", "price": "0.19832000", "time": "2025-07-14T18:38:41.902339Z", "fetched_at": "2025-07-14T18:39:32.254940+00:00", "symbol": "DOGE-USD"}, {"trade_id": 139010709, "side": "buy", "size": "48.20000000", "price": "0.19833000", "time": "2025-07-14T18:38:41.902339Z", "fetched_at": "2025-07-14T18:39:32.254940+00:00", "symbol": "DOGE-USD"}, {"trade_id": 139010708, "side": "sell", "size": "5.60000000", "price": "0.19836000", "time": "2025-07-14T18:38:38.399676Z", "fetched_at": "2025-07-14T18:39:32.254940+00:00", "symbol": "DOGE-USD"}, {"trade_id": 139010707, "side": "sell", "size": "5.60000000", "price": "0.19834000", "time": "2025-07-14T18:38:38.354360Z", "fetched_at": "2025-07-14T18:39:32.254940+00:00", "symbol": "DOGE-USD"}, {"trade_id": 139010706, "side": "sell", "size": "5.60000000", "price": "0.19832000", "time": "2025-07-14T18:38:37.744719Z", "fetched_at": "2025-07-14T18:39:32.254940+00:00", "symbol": "DOGE-USD"}, {"trade_id": 139010705, "side": "sell", "size": "5.60000000", "price": "0.19830000", "time": "2025-07-14T18:38:37.471107Z", "fetched_at": "2025-07-14T18:39:32.254940+00:00", "symbol": "DOGE-USD"}, {"trade_id": 139010704, "side": "sell", "size": "5.60000000", "price": "0.19828000", "time": "2025-07-14T18:38:37.428667Z", "fetched_at": "2025-07-14T18:39:32.254940+00:00", "symbol": "DOGE-USD"}, {"trade_id": 139010703, "side": "buy", "size": "19.40000000", "price": "0.19823000", "time": "2025-07-14T18:38:35.443393Z", "fetched_at": "2025-07-14T18:39:32.254940+00:00", "symbol": "DOGE-USD"}, {"trade_id": 139010702, "side": "buy", "size": "5.60000000", "price": "0.19824000", "time": "2025-07-14T18:38:35.443393Z", "fetched_at": "2025-07-14T18:39:32.254940+00:00", "symbol": "DOGE-USD"}, {"trade_id": 139010701, "side": "sell", "size": "239.10000000", "price": "0.19825000", "time": "2025-07-14T18:38:34.775854Z", "fetched_at": "2025-07-14T18:39:32.254940+00:00", "symbol": "DOGE-USD"}, {"trade_id": 139010700, "side": "buy", "size": "5.60000000", "price": "0.19826000", "time": "2025-07-14T18:38:32.907410Z", "fetched_at": "2025-07-14T18:39:32.254940+00:00", "symbol": "DOGE-USD"}, {"trade_id": 139010699, "side": "buy", "size": "162.50000000", "price": "0.19828000", "time": "2025-07-14T18:38:27.080604Z", "fetched_at": "2025-07-14T18:39:32.254940+00:00", "symbol": "DOGE-USD"}, {"trade_id": 139010698, "side": "buy", "size": "5.60000000", "price": "0.19828000", "time": "2025-07-14T18:38:27.080604Z", "fetched_at": "2025-07-14T18:39:32.254940+00:00", "symbol": "DOGE-USD"}, {"trade_id": 139010697, "side": "buy", "size": "48.20000000", "price": "0.19829000", "time": "2025-07-14T18:38:27.080604Z", "fetched_at": "2025-07-14T18:39:32.254940+00:00", "symbol": "DOGE-USD"}, {"trade_id": 139010696, "side": "buy", "size": "5.60000000", "price": "0.19830000", "time": "2025-07-14T18:38:27.080604Z", "fetched_at": "2025-07-14T18:39:32.254940+00:00", "symbol": "DOGE-USD"}, {"trade_id": 139010695, "side": "sell", "size": "481.60000000", "price": "0.19835000", "time": "2025-07-14T18:38:18.213108Z", "fetched_at": "2025-07-14T18:39:32.254940+00:00", "symbol": "DOGE-USD"}, {"trade_id": 139010694, "side": "buy", "size": "2491.10000000", "price": "0.19830000", "time": "2025-07-14T18:38:16.681090Z", "fetched_at": "2025-07-14T18:39:32.254940+00:00", "symbol": "DOGE-USD"}, {"trade_id": 139010693, "side": "buy", "size": "972.80000000", "price": "0.19830000", "time": "2025-07-14T18:38:16.681090Z", "fetched_at": "2025-07-14T18:39:32.254940+00:00", "symbol": "DOGE-USD"}, {"trade_id": 139010692, "side": "buy", "size": "43.80000000", "price": "0.19831000", "time": "2025-07-14T18:38:16.681090Z", "fetched_at": "2025-07-14T18:39:32.254940+00:00", "symbol": "DOGE-USD"}, {"trade_id": 139010691, "side": "buy", "size": "1496.40000000", "price": "0.19833000", "time": "2025-07-14T18:38:16.681090Z", "fetched_at": "2025-07-14T18:39:32.254940+00:00", "symbol": "DOGE-USD"}, {"trade_id": 139010690, "side": "sell", "size": "321.20000000", "price": "0.19830000", "time": "2025-07-14T18:38:15.882102Z", "fetched_at": "2025-07-14T18:39:32.254940+00:00", "symbol": "DOGE-USD"}, {"trade_id": 139010689, "side": "sell", "size": "315.60000000", "price": "0.19830000", "time": "2025-07-14T18:38:15.882102Z", "fetched_at": "2025-07-14T18:39:32.254940+00:00", "symbol": "DOGE-USD"}, {"trade_id": 139010688, "side": "buy", "size": "5272.50000000", "price": "0.19829000", "time": "2025-07-14T18:38:13.047488Z", "fetched_at": "2025-07-14T18:39:32.254940+00:00", "symbol": "DOGE-USD"}, {"trade_id": 139010687, "side": "buy", "size": "5.60000000", "price": "0.19830000", "time": "2025-07-14T18:38:13.047488Z", "fetched_at": "2025-07-14T18:39:32.254940+00:00", "symbol": "DOGE-USD"}, {"trade_id": 139010686, "side": "buy", "size": "7299.90000000", "price": "0.19830000", "time": "2025-07-14T18:38:13.047488Z", "fetched_at": "2025-07-14T18:39:32.254940+00:00", "symbol": "DOGE-USD"}, {"trade_id": 139010685, "side": "buy", "size": "7296.60000000", "price": "0.19831000", "time": "2025-07-14T18:38:13.047488Z", "fetched_at": "2025-07-14T18:39:32.254940+00:00", "symbol": "DOGE-USD"}, {"trade_id": 139010684, "side": "buy", "size": "7293.20000000", "price": "0.19832000", "time": "2025-07-14T18:38:13.047488Z", "fetched_at": "2025-07-14T18:39:32.254940+00:00", "symbol": "DOGE-USD"}, {"trade_id": 139010683, "side": "buy", "size": "972.80000000", "price": "0.19832000", "time": "2025-07-14T18:38:13.047488Z", "fetched_at": "2025-07-14T18:39:32.254940+00:00", "symbol": "DOGE-USD"}, {"trade_id": 139010682, "side": "buy", "size": "1974.30000000", "price": "0.19832000", "time": "2025-07-14T18:38:13.047488Z", "fetched_at": "2025-07-14T18:39:32.254940+00:00", "symbol": "DOGE-USD"}, {"trade_id": 139010681, "side": "buy", "size": "1575.80000000", "price": "0.19832000", "time": "2025-07-14T18:38:13.047488Z", "fetched_at": "2025-07-14T18:39:32.254940+00:00", "symbol": "DOGE-USD"}, {"trade_id": 139010680, "side": "buy", "size": "7293.20000000", "price": "0.19833000", "time": "2025-07-14T18:38:13.047488Z", "fetched_at": "2025-07-14T18:39:32.254940+00:00", "symbol": "DOGE-USD"}, {"trade_id": 139010679, "side": "buy", "size": "810.00000000", "price": "0.19833000", "time": "2025-07-14T18:38:13.047488Z", "fetched_at": "2025-07-14T18:39:32.254940+00:00", "symbol": "DOGE-USD"}, {"trade_id": 139010678, "side": "buy", "size": "5041.80000000", "price": "0.19834000", "time": "2025-07-14T18:38:13.047488Z", "fetched_at": "2025-07-14T18:39:32.254940+00:00", "symbol": "DOGE-USD"}, {"trade_id": 139010677, "side": "buy", "size": "1279.10000000", "price": "0.19834000", "time": "2025-07-14T18:38:13.047488Z", "fetched_at": "2025-07-14T18:39:32.254940+00:00", "symbol": "DOGE-USD"}, {"trade_id": 139010676, "side": "buy", "size": "47.40000000", "price": "0.19835000", "time": "2025-07-14T18:38:13.047488Z", "fetched_at": "2025-07-14T18:39:32.254940+00:00", "symbol": "DOGE-USD"}, {"trade_id": 139010675, "side": "buy", "size": "700.00000000", "price": "0.19835000", "time": "2025-07-14T18:38:13.047488Z", "fetched_at": "2025-07-14T18:39:32.254940+00:00", "symbol": "DOGE-USD"}, {"trade_id": 139010674, "side": "buy", "size": "1516.30000000", "price": "0.19837000", "time": "2025-07-14T18:38:13.047488Z", "fetched_at": "2025-07-14T18:39:32.254940+00:00", "symbol": "DOGE-USD"}, {"trade_id": 139010673, "side": "buy", "size": "1472.00000000", "price": "0.19837000", "time": "2025-07-14T18:38:13.047488Z", "fetched_at": "2025-07-14T18:39:32.254940+00:00", "symbol": "DOGE-USD"}, {"trade_id": 139010672, "side": "sell", "size": "27.40000000", "price": "0.19841000", "time": "2025-07-14T18:38:12.885891Z", "fetched_at": "2025-07-14T18:39:32.254940+00:00", "symbol": "DOGE-USD"}, {"trade_id": 139010671, "side": "sell", "size": "5.60000000", "price": "0.19840000", "time": "2025-07-14T18:38:12.885891Z", "fetched_at": "2025-07-14T18:39:32.254940+00:00", "symbol": "DOGE-USD"}, {"trade_id": 139010670, "side": "sell", "size": "101.00000000", "price": "0.19839000", "time": "2025-07-14T18:38:12.885891Z", "fetched_at": "2025-07-14T18:39:32.254940+00:00", "symbol": "DOGE-USD"}, {"trade_id": 139010669, "side": "sell", "size": "48.20000000", "price": "0.19839000", "time": "2025-07-14T18:38:12.885891Z", "fetched_at": "2025-07-14T18:39:32.254940+00:00", "symbol": "DOGE-USD"}, {"trade_id": 139010668, "side": "sell", "size": "62.80000000", "price": "0.19839000", "time": "2025-07-14T18:38:12.017891Z", "fetched_at": "2025-07-14T18:39:32.254940+00:00", "symbol": "DOGE-USD"}, {"trade_id": 139010667, "side": "sell", "size": "5.60000000", "price": "0.19838000", "time": "2025-07-14T18:38:12.017891Z", "fetched_at": "2025-07-14T18:39:32.254940+00:00", "symbol": "DOGE-USD"}, {"trade_id": 139010666, "side": "sell", "size": "183.00000000", "price": "0.19837000", "time": "2025-07-14T18:38:12.017891Z", "fetched_at": "2025-07-14T18:39:32.254940+00:00", "symbol": "DOGE-USD"}, {"trade_id": 139010665, "side": "sell", "size": "5.60000000", "price": "0.19836000", "time": "2025-07-14T18:38:11.234652Z", "fetched_at": "2025-07-14T18:39:32.254940+00:00", "symbol": "DOGE-USD"}, {"trade_id": 139010664, "side": "sell", "size": "5.60000000", "price": "0.19834000", "time": "2025-07-14T18:38:10.598603Z", "fetched_at": "2025-07-14T18:39:32.254940+00:00", "symbol": "DOGE-USD"}, {"trade_id": 139010663, "side": "sell", "size": "12.70000000", "price": "0.19832000", "time": "2025-07-14T18:38:07.448919Z", "fetched_at": "2025-07-14T18:39:32.254940+00:00", "symbol": "DOGE-USD"}, {"trade_id": 139010662, "side": "sell", "size": "5.60000000", "price": "0.19832000", "time": "2025-07-14T18:38:07.448919Z", "fetched_at": "2025-07-14T18:39:32.254940+00:00", "symbol": "DOGE-USD"}, {"trade_id": 139010661, "side": "sell", "size": "5.60000000", "price": "0.19830000", "time": "2025-07-14T18:38:07.448919Z", "fetched_at": "2025-07-14T18:39:32.254940+00:00", "symbol": "DOGE-USD"}, {"trade_id": 139010660, "side": "sell", "size": "5.60000000", "price": "0.19828000", "time": "2025-07-14T18:38:07.277039Z", "fetched_at": "2025-07-14T18:39:32.254940+00:00", "symbol": "DOGE-USD"}, {"trade_id": 139010659, "side": "buy", "size": "341.00000000", "price": "0.19823000", "time": "2025-07-14T18:38:05.408593Z", "fetched_at": "2025-07-14T18:39:32.254940+00:00", "symbol": "DOGE-USD"}, {"trade_id": 139010658, "side": "buy", "size": "578.40000000", "price": "0.19823000", "time": "2025-07-14T18:38:05.385848Z", "fetched_at": "2025-07-14T18:39:32.254940+00:00", "symbol": "DOGE-USD"}, {"trade_id": 139010657, "side": "buy", "size": "48.20000000", "price": "0.19824000", "time": "2025-07-14T18:38:05.385848Z", "fetched_at": "2025-07-14T18:39:32.254940+00:00", "symbol": "DOGE-USD"}, {"trade_id": 139010656, "side": "sell", "size": "5.60000000", "price": "0.19826000", "time": "2025-07-14T18:38:04.938067Z", "fetched_at": "2025-07-14T18:39:32.254940+00:00", "symbol": "DOGE-USD"}, {"trade_id": 139010655, "side": "buy", "size": "1316.70000000", "price": "0.19825000", "time": "2025-07-14T18:38:04.831793Z", "fetched_at": "2025-07-14T18:39:32.254940+00:00", "symbol": "DOGE-USD"}, {"trade_id": 139010654, "side": "sell", "size": "5.60000000", "price": "0.19824000", "time": "2025-07-14T18:38:04.671702Z", "fetched_at": "2025-07-14T18:39:32.254940+00:00", "symbol": "DOGE-USD"}, {"trade_id": 139010653, "side": "buy", "size": "390.80000000", "price": "0.19823000", "time": "2025-07-14T18:38:03.368574Z", "fetched_at": "2025-07-14T18:39:32.254940+00:00", "symbol": "DOGE-USD"}, {"trade_id": 139010652, "side": "buy", "size": "580.80000000", "price": "0.19819000", "time": "2025-07-14T18:38:03.007606Z", "fetched_at": "2025-07-14T18:39:32.254940+00:00", "symbol": "DOGE-USD"}, {"trade_id": 139010651, "side": "buy", "size": "1955.10000000", "price": "0.19819000", "time": "2025-07-14T18:38:03.007606Z", "fetched_at": "2025-07-14T18:39:32.254940+00:00", "symbol": "DOGE-USD"}, {"trade_id": 139010650, "side": "buy", "size": "700.00000000", "price": "0.19820000", "time": "2025-07-14T18:38:03.007606Z", "fetched_at": "2025-07-14T18:39:32.254940+00:00", "symbol": "DOGE-USD"}, {"trade_id": 139010649, "side": "buy", "size": "48.30000000", "price": "0.19820000", "time": "2025-07-14T18:38:03.007606Z", "fetched_at": "2025-07-14T18:39:32.254940+00:00", "symbol": "DOGE-USD"}, {"trade_id": 139010648, "side": "buy", "size": "1389.10000000", "price": "0.19821000", "time": "2025-07-14T18:38:03.007606Z", "fetched_at": "2025-07-14T18:39:32.254940+00:00", "symbol": "DOGE-USD"}, {"trade_id": 139010647, "side": "sell", "size": "23.30000000", "price": "0.19823000", "time": "2025-07-14T18:38:02.919813Z", "fetched_at": "2025-07-14T18:39:32.254940+00:00", "symbol": "DOGE-USD"}, {"trade_id": 139010646, "side": "sell", "size": "5.60000000", "price": "0.19822000", "time": "2025-07-14T18:38:02.919813Z", "fetched_at": "2025-07-14T18:39:32.254940+00:00", "symbol": "DOGE-USD"}, {"trade_id": 139010645, "side": "sell", "size": "5.60000000", "price": "0.19820000", "time": "2025-07-14T18:38:02.682399Z", "fetched_at": "2025-07-14T18:39:32.254940+00:00", "symbol": "DOGE-USD"}, {"trade_id": 139010644, "side": "buy", "size": "166.90000000", "price": "0.19819000", "time": "2025-07-14T18:38:02.079282Z", "fetched_at": "2025-07-14T18:39:32.254940+00:00", "symbol": "DOGE-USD"}, {"trade_id": 139010643, "side": "buy", "size": "1538.10000000", "price": "0.19819000", "time": "2025-07-14T18:38:02.079282Z", "fetched_at": "2025-07-14T18:39:32.254940+00:00", "symbol": "DOGE-USD"}, {"trade_id": 139010642, "side": "sell", "size": "5.60000000", "price": "0.19818000", "time": "2025-07-14T18:38:01.758050Z", "fetched_at": "2025-07-14T18:39:32.254940+00:00", "symbol": "DOGE-USD"}, {"trade_id": 139010641, "side": "sell", "size": "5.60000000", "price": "0.19816000", "time": "2025-07-14T18:38:01.100336Z", "fetched_at": "2025-07-14T18:39:32.254940+00:00", "symbol": "DOGE-USD"}, {"trade_id": 139010640, "side": "sell", "size": "5.60000000", "price": "0.19814000", "time": "2025-07-14T18:38:00.195756Z", "fetched_at": "2025-07-14T18:39:32.254940+00:00", "symbol": "DOGE-USD"}, {"trade_id": 139010639, "side": "sell", "size": "5.60000000", "price": "0.19812000", "time": "2025-07-14T18:37:58.749405Z", "fetched_at": "2025-07-14T18:39:32.254940+00:00", "symbol": "DOGE-USD"}, {"trade_id": 139010638, "side": "sell", "size": "5.60000000", "price": "0.19810000", "time": "2025-07-14T18:37:52.755755Z", "fetched_at": "2025-07-14T18:39:32.254940+00:00", "symbol": "DOGE-USD"}, {"trade_id": 139010637, "side": "sell", "size": "5.60000000", "price": "0.19808000", "time": "2025-07-14T18:37:51.247678Z", "fetched_at": "2025-07-14T18:39:32.254940+00:00", "symbol": "DOGE-USD"}, {"trade_id": 139010636, "side": "sell", "size": "3.70000000", "price": "0.19805000", "time": "2025-07-14T18:37:48.164777Z", "fetched_at": "2025-07-14T18:39:32.254940+00:00", "symbol": "DOGE-USD"}, {"trade_id": 139010635, "side": "sell", "size": "481.60000000", "price": "0.19804000", "time": "2025-07-14T18:37:47.718055Z", "fetched_at": "2025-07-14T18:39:32.254940+00:00", "symbol": "DOGE-USD"}, {"trade_id": 139010634, "side": "sell", "size": "6808.80000000", "price": "0.19801000", "time": "2025-07-14T18:37:45.665339Z", "fetched_at": "2025-07-14T18:39:32.254940+00:00", "symbol": "DOGE-USD"}, {"trade_id": 139010633, "side": "sell", "size": "5855.80000000", "price": "0.19801000", "time": "2025-07-14T18:37:45.655364Z", "fetched_at": "2025-07-14T18:39:32.254940+00:00", "symbol": "DOGE-USD"}, {"trade_id": 139010632, "side": "sell", "size": "183.00000000", "price": "0.19798000", "time": "2025-07-14T18:37:44.692536Z", "fetched_at": "2025-07-14T18:39:32.254940+00:00", "symbol": "DOGE-USD"}, {"trade_id": 139010631, "side": "sell", "size": "481.60000000", "price": "0.19798000", "time": "2025-07-14T18:37:44.690189Z", "fetched_at": "2025-07-14T18:39:32.254940+00:00", "symbol": "DOGE-USD"}, {"trade_id": 139010630, "side": "buy", "size": "5.60000000", "price": "0.19800000", "time": "2025-07-14T18:37:44.663501Z", "fetched_at": "2025-07-14T18:39:32.254940+00:00", "symbol": "DOGE-USD"}, {"trade_id": 139010629, "side": "sell", "size": "245.30000000", "price": "0.19804000", "time": "2025-07-14T18:37:44.422605Z", "fetched_at": "2025-07-14T18:39:32.254940+00:00", "symbol": "DOGE-USD"}, {"trade_id": 139010628, "side": "buy", "size": "69.10000000", "price": "0.19801000", "time": "2025-07-14T18:37:44.417141Z", "fetched_at": "2025-07-14T18:39:32.254940+00:00", "symbol": "DOGE-USD"}, {"trade_id": 139010627, "side": "buy", "size": "5.60000000", "price": "0.19802000", "time": "2025-07-14T18:37:43.479720Z", "fetched_at": "2025-07-14T18:39:32.254940+00:00", "symbol": "DOGE-USD"}, {"trade_id": 139010626, "side": "buy", "size": "19456.70000000", "price": "0.19803000", "time": "2025-07-14T18:37:43.371347Z", "fetched_at": "2025-07-14T18:39:32.254940+00:00", "symbol": "DOGE-USD"}, {"trade_id": 139010625, "side": "buy", "size": "946.50000000", "price": "0.19809000", "time": "2025-07-14T18:37:36.446256Z", "fetched_at": "2025-07-14T18:39:32.254940+00:00", "symbol": "DOGE-USD"}, {"trade_id": 139010624, "side": "buy", "size": "48.30000000", "price": "0.19810000", "time": "2025-07-14T18:37:36.446256Z", "fetched_at": "2025-07-14T18:39:32.254940+00:00", "symbol": "DOGE-USD"}, {"trade_id": 139010623, "side": "buy", "size": "2.40000000", "price": "0.19811000", "time": "2025-07-14T18:37:35.756615Z", "fetched_at": "2025-07-14T18:39:32.254940+00:00", "symbol": "DOGE-USD"}, {"trade_id": 139010622, "side": "buy", "size": "12050.80000000", "price": "0.19808000", "time": "2025-07-14T18:37:34.387875Z", "fetched_at": "2025-07-14T18:39:32.254940+00:00", "symbol": "DOGE-USD"}, {"trade_id": 139010621, "side": "buy", "size": "48.30000000", "price": "0.19809000", "time": "2025-07-14T18:37:34.387875Z", "fetched_at": "2025-07-14T18:39:32.254940+00:00", "symbol": "DOGE-USD"}, {"trade_id": 139010620, "side": "sell", "size": "481.60000000", "price": "0.19802000", "time": "2025-07-14T18:37:30.966380Z", "fetched_at": "2025-07-14T18:39:32.254940+00:00", "symbol": "DOGE-USD"}, {"trade_id": 139010619, "side": "sell", "size": "48.30000000", "price": "0.19804000", "time": "2025-07-14T18:37:30.903767Z", "fetched_at": "2025-07-14T18:39:32.254940+00:00", "symbol": "DOGE-USD"}, {"trade_id": 139010618, "side": "sell", "size": "700.00000000", "price": "0.19803000", "time": "2025-07-14T18:37:30.901290Z", "fetched_at": "2025-07-14T18:39:32.254940+00:00", "symbol": "DOGE-USD"}, {"trade_id": 139010617, "side": "sell", "size": "481.60000000", "price": "0.19798000", "time": "2025-07-14T18:37:30.877072Z", "fetched_at": "2025-07-14T18:39:32.254940+00:00", "symbol": "DOGE-USD"}, {"trade_id": 139010616, "side": "sell", "size": "481.60000000", "price": "0.19799000", "time": "2025-07-14T18:37:30.861501Z", "fetched_at": "2025-07-14T18:39:32.254940+00:00", "symbol": "DOGE-USD"}, {"trade_id": 139010615, "side": "buy", "size": "183.00000000", "price": "0.19814000", "time": "2025-07-14T18:37:30.784596Z", "fetched_at": "2025-07-14T18:39:32.254940+00:00", "symbol": "DOGE-USD"}, {"trade_id": 139010614, "side": "buy", "size": "183.00000000", "price": "0.19813000", "time": "2025-07-14T18:37:30.783323Z", "fetched_at": "2025-07-14T18:39:32.254940+00:00", "symbol": "DOGE-USD"}, {"trade_id": 139010613, "side": "sell", "size": "700.00000000", "price": "0.19805000", "time": "2025-07-14T18:37:30.778707Z", "fetched_at": "2025-07-14T18:39:32.254940+00:00", "symbol": "DOGE-USD"}, {"trade_id": 139010612, "side": "buy", "size": "318.10000000", "price": "0.19804000", "time": "2025-07-14T18:37:30.774153Z", "fetched_at": "2025-07-14T18:39:32.254940+00:00", "symbol": "DOGE-USD"}, {"trade_id": 139010611, "side": "buy", "size": "318.10000000", "price": "0.19805000", "time": "2025-07-14T18:37:30.774153Z", "fetched_at": "2025-07-14T18:39:32.254940+00:00", "symbol": "DOGE-USD"}, {"trade_id": 139010610, "side": "sell", "size": "3216.50000000", "price": "0.19808000", "time": "2025-07-14T18:37:30.773012Z", "fetched_at": "2025-07-14T18:39:32.254940+00:00", "symbol": "DOGE-USD"}, {"trade_id": 139010609, "side": "buy", "size": "111.00000000", "price": "0.19801000", "time": "2025-07-14T18:37:30.772675Z", "fetched_at": "2025-07-14T18:39:32.254940+00:00", "symbol": "DOGE-USD"}, {"trade_id": 139010608, "side": "buy", "size": "843.20000000", "price": "0.19801000", "time": "2025-07-14T18:37:30.772675Z", "fetched_at": "2025-07-14T18:39:32.254940+00:00", "symbol": "DOGE-USD"}, {"trade_id": 139010607, "side": "sell", "size": "5.60000000", "price": "0.19818000", "time": "2025-07-14T18:37:30.772523Z", "fetched_at": "2025-07-14T18:39:32.254940+00:00", "symbol": "DOGE-USD"}, {"trade_id": 139010606, "side": "sell", "size": "810.00000000", "price": "0.19818000", "time": "2025-07-14T18:37:30.772523Z", "fetched_at": "2025-07-14T18:39:32.254940+00:00", "symbol": "DOGE-USD"}, {"trade_id": 139010605, "side": "buy", "size": "477.10000000", "price": "0.19803000", "time": "2025-07-14T18:37:30.772401Z", "fetched_at": "2025-07-14T18:39:32.254940+00:00", "symbol": "DOGE-USD"}, {"trade_id": 139010604, "side": "sell", "size": "5570.70000000", "price": "0.19817000", "time": "2025-07-14T18:37:30.772321Z", "fetched_at": "2025-07-14T18:39:32.254940+00:00", "symbol": "DOGE-USD"}, {"trade_id": 139010603, "side": "sell", "size": "4063.40000000", "price": "0.19817000", "time": "2025-07-14T18:37:30.772321Z", "fetched_at": "2025-07-14T18:39:32.254940+00:00", "symbol": "DOGE-USD"}, {"trade_id": 139010602, "side": "sell", "size": "810.00000000", "price": "0.19816000", "time": "2025-07-14T18:37:30.771752Z", "fetched_at": "2025-07-14T18:39:32.254940+00:00", "symbol": "DOGE-USD"}, {"trade_id": 139010601, "side": "sell", "size": "5.60000000", "price": "0.19816000", "time": "2025-07-14T18:37:30.771752Z", "fetched_at": "2025-07-14T18:39:32.254940+00:00", "symbol": "DOGE-USD"}, {"trade_id": 139010600, "side": "sell", "size": "4443.20000000", "price": "0.19814000", "time": "2025-07-14T18:37:30.771706Z", "fetched_at": "2025-07-14T18:39:32.254940+00:00", "symbol": "DOGE-USD"}, {"trade_id": 139010599, "side": "sell", "size": "3785.20000000", "price": "0.19814000", "time": "2025-07-14T18:37:30.771706Z", "fetched_at": "2025-07-14T18:39:32.254940+00:00", "symbol": "DOGE-USD"}, {"trade_id": 139010598, "side": "sell", "size": "5.60000000", "price": "0.19814000", "time": "2025-07-14T18:37:30.771706Z", "fetched_at": "2025-07-14T18:39:32.254940+00:00", "symbol": "DOGE-USD"}, {"trade_id": 139010597, "side": "sell", "size": "810.00000000", "price": "0.19814000", "time": "2025-07-14T18:37:30.771706Z", "fetched_at": "2025-07-14T18:39:32.254940+00:00", "symbol": "DOGE-USD"}, {"trade_id": 139010596, "side": "sell", "size": "2031.00000000", "price": "0.19813000", "time": "2025-07-14T18:37:30.771706Z", "fetched_at": "2025-07-14T18:39:32.254940+00:00", "symbol": "DOGE-USD"}, {"trade_id": 139010595, "side": "sell", "size": "4128.30000000", "price": "0.19812000", "time": "2025-07-14T18:37:30.771686Z", "fetched_at": "2025-07-14T18:39:32.254940+00:00", "symbol": "DOGE-USD"}, {"trade_id": 139010594, "side": "sell", "size": "7036.60000000", "price": "0.19812000", "time": "2025-07-14T18:37:30.770939Z", "fetched_at": "2025-07-14T18:39:32.254940+00:00", "symbol": "DOGE-USD"}, {"trade_id": 139010593, "side": "sell", "size": "5685.10000000", "price": "0.19812000", "time": "2025-07-14T18:37:30.770939Z", "fetched_at": "2025-07-14T18:39:32.254940+00:00", "symbol": "DOGE-USD"}, {"trade_id": 139010592, "side": "sell", "size": "810.00000000", "price": "0.19812000", "time": "2025-07-14T18:37:30.770939Z", "fetched_at": "2025-07-14T18:39:32.254940+00:00", "symbol": "DOGE-USD"}, {"trade_id": 139010591, "side": "sell", "size": "5.60000000", "price": "0.19812000", "time": "2025-07-14T18:37:30.770939Z", "fetched_at": "2025-07-14T18:39:32.254940+00:00", "symbol": "DOGE-USD"}, {"trade_id": 139010590, "side": "sell", "size": "5389.60000000", "price": "0.19811000", "time": "2025-07-14T18:37:30.770654Z", "fetched_at": "2025-07-14T18:39:32.254940+00:00", "symbol": "DOGE-USD"}, {"trade_id": 139010589, "side": "sell", "size": "573.90000000", "price": "0.19810000", "time": "2025-07-14T18:37:30.770654Z", "fetched_at": "2025-07-14T18:39:32.254940+00:00", "symbol": "DOGE-USD"}, {"trade_id": 139010588, "side": "sell", "size": "8562.50000000", "price": "0.19810000", "time": "2025-07-14T18:37:30.770654Z", "fetched_at": "2025-07-14T18:39:32.254940+00:00", "symbol": "DOGE-USD"}, {"trade_id": 139010587, "side": "sell", "size": "48599.80000000", "price": "0.19810000", "time": "2025-07-14T18:37:30.770524Z", "fetched_at": "2025-07-14T18:39:32.254940+00:00", "symbol": "DOGE-USD"}, {"trade_id": 139010586, "side": "sell", "size": "22837.70000000", "price": "0.19810000", "time": "2025-07-14T18:37:30.770462Z", "fetched_at": "2025-07-14T18:39:32.254940+00:00", "symbol": "DOGE-USD"}, {"trade_id": 139010585, "side": "sell", "size": "5.60000000", "price": "0.19810000", "time": "2025-07-14T18:37:30.770462Z", "fetched_at": "2025-07-14T18:39:32.254940+00:00", "symbol": "DOGE-USD"}, {"trade_id": 139010584, "side": "sell", "size": "810.00000000", "price": "0.19810000", "time": "2025-07-14T18:37:30.770462Z", "fetched_at": "2025-07-14T18:39:32.254940+00:00", "symbol": "DOGE-USD"}, {"trade_id": 139010583, "side": "sell", "size": "5.60000000", "price": "0.19808000", "time": "2025-07-14T18:37:30.769709Z", "fetched_at": "2025-07-14T18:39:32.254940+00:00", "symbol": "DOGE-USD"}, {"trade_id": 139010582, "side": "sell", "size": "810.00000000", "price": "0.19808000", "time": "2025-07-14T18:37:30.769709Z", "fetched_at": "2025-07-14T18:39:32.254940+00:00", "symbol": "DOGE-USD"}, {"trade_id": 139010581, "side": "sell", "size": "10000.00000000", "price": "0.19807000", "time": "2025-07-14T18:37:30.769709Z", "fetched_at": "2025-07-14T18:39:32.254940+00:00", "symbol": "DOGE-USD"}, {"trade_id": 139010580, "side": "sell", "size": "6311.00000000", "price": "0.19807000", "time": "2025-07-14T18:37:30.769709Z", "fetched_at": "2025-07-14T18:39:32.254940+00:00", "symbol": "DOGE-USD"}, {"trade_id": 139010579, "side": "sell", "size": "1861.20000000", "price": "0.19807000", "time": "2025-07-14T18:37:30.769709Z", "fetched_at": "2025-07-14T18:39:32.254940+00:00", "symbol": "DOGE-USD"}, {"trade_id": 139010578, "side": "sell", "size": "1365.30000000", "price": "0.19807000", "time": "2025-07-14T18:37:30.769709Z", "fetched_at": "2025-07-14T18:39:32.254940+00:00", "symbol": "DOGE-USD"}, {"trade_id": 139010577, "side": "sell", "size": "2021.50000000", "price": "0.19807000", "time": "2025-07-14T18:37:30.769709Z", "fetched_at": "2025-07-14T18:39:32.254940+00:00", "symbol": "DOGE-USD"}, {"trade_id": 139010576, "side": "sell", "size": "35710.90000000", "price": "0.19806000", "time": "2025-07-14T18:37:30.769356Z", "fetched_at": "2025-07-14T18:39:32.254940+00:00", "symbol": "DOGE-USD"}, {"trade_id": 139010575, "side": "sell", "size": "31269.00000000", "price": "0.19806000", "time": "2025-07-14T18:37:30.769179Z", "fetched_at": "2025-07-14T18:39:32.254940+00:00", "symbol": "DOGE-USD"}, {"trade_id": 139010574, "side": "sell", "size": "3513.50000000", "price": "0.19806000", "time": "2025-07-14T18:37:30.768698Z", "fetched_at": "2025-07-14T18:39:32.254940+00:00", "symbol": "DOGE-USD"}, {"trade_id": 139010573, "side": "sell", "size": "2000.00000000", "price": "0.19806000", "time": "2025-07-14T18:37:30.768698Z", "fetched_at": "2025-07-14T18:39:32.254940+00:00", "symbol": "DOGE-USD"}, {"trade_id": 139010572, "side": "sell", "size": "5.60000000", "price": "0.19806000", "time": "2025-07-14T18:37:30.768698Z", "fetched_at": "2025-07-14T18:39:32.254940+00:00", "symbol": "DOGE-USD"}, {"trade_id": 139010571, "side": "sell", "size": "810.00000000", "price": "0.19806000", "time": "2025-07-14T18:37:30.768698Z", "fetched_at": "2025-07-14T18:39:32.254940+00:00", "symbol": "DOGE-USD"}, {"trade_id": 139010570, "side": "sell", "size": "6311.80000000", "price": "0.19805000", "time": "2025-07-14T18:37:30.767628Z", "fetched_at": "2025-07-14T18:39:32.254940+00:00", "symbol": "DOGE-USD"}, {"trade_id": 139010569, "side": "sell", "size": "5.60000000", "price": "0.19804000", "time": "2025-07-14T18:37:30.767602Z", "fetched_at": "2025-07-14T18:39:32.254940+00:00", "symbol": "DOGE-USD"}, {"trade_id": 139010568, "side": "sell", "size": "19435.70000000", "price": "0.19802000", "time": "2025-07-14T18:37:30.766987Z", "fetched_at": "2025-07-14T18:39:32.254940+00:00", "symbol": "DOGE-USD"}, {"trade_id": 139010567, "side": "sell", "size": "5.60000000", "price": "0.19802000", "time": "2025-07-14T18:37:30.766987Z", "fetched_at": "2025-07-14T18:39:32.254940+00:00", "symbol": "DOGE-USD"}, {"trade_id": 139010566, "side": "sell", "size": "810.00000000", "price": "0.19801000", "time": "2025-07-14T18:37:30.766987Z", "fetched_at": "2025-07-14T18:39:32.254940+00:00", "symbol": "DOGE-USD"}, {"trade_id": 139010565, "side": "sell", "size": "2525.20000000", "price": "0.19800000", "time": "2025-07-14T18:37:30.766457Z", "fetched_at": "2025-07-14T18:39:32.254940+00:00", "symbol": "DOGE-USD"}, {"trade_id": 139010564, "side": "sell", "size": "7519.00000000", "price": "0.19800000", "time": "2025-07-14T18:37:30.766457Z", "fetched_at": "2025-07-14T18:39:32.254940+00:00", "symbol": "DOGE-USD"}, {"trade_id": 139010563, "side": "sell", "size": "5.60000000", "price": "0.19800000", "time": "2025-07-14T18:37:30.766457Z", "fetched_at": "2025-07-14T18:39:32.254940+00:00", "symbol": "DOGE-USD"}, {"trade_id": 139010562, "side": "sell", "size": "3827.50000000", "price": "0.19799000", "time": "2025-07-14T18:37:30.766457Z", "fetched_at": "2025-07-14T18:39:32.254940+00:00", "symbol": "DOGE-USD"}, {"trade_id": 139010561, "side": "sell", "size": "500.00000000", "price": "0.19799000", "time": "2025-07-14T18:37:30.766457Z", "fetched_at": "2025-07-14T18:39:32.254940+00:00", "symbol": "DOGE-USD"}, {"trade_id": 139010560, "side": "sell", "size": "810.00000000", "price": "0.19799000", "time": "2025-07-14T18:37:30.766457Z", "fetched_at": "2025-07-14T18:39:32.254940+00:00", "symbol": "DOGE-USD"}, {"trade_id": 139010559, "side": "sell", "size": "2500.00000000", "price": "0.19798000", "time": "2025-07-14T18:37:30.766351Z", "fetched_at": "2025-07-14T18:39:32.254940+00:00", "symbol": "DOGE-USD"}, {"trade_id": 139010558, "side": "sell", "size": "810.00000000", "price": "0.19797000", "time": "2025-07-14T18:37:30.766351Z", "fetched_at": "2025-07-14T18:39:32.254940+00:00", "symbol": "DOGE-USD"}, {"trade_id": 139010557, "side": "sell", "size": "48.30000000", "price": "0.19796000", "time": "2025-07-14T18:37:30.766351Z", "fetched_at": "2025-07-14T18:39:32.254940+00:00", "symbol": "DOGE-USD"}, {"trade_id": 139010556, "side": "sell", "size": "134.20000000", "price": "0.19795000", "time": "2025-07-14T18:37:30.766351Z", "fetched_at": "2025-07-14T18:39:32.254940+00:00", "symbol": "DOGE-USD"}, {"trade_id": 139010555, "side": "sell", "size": "48.80000000", "price": "0.19795000", "time": "2025-07-14T18:37:30.552139Z", "fetched_at": "2025-07-14T18:39:32.254940+00:00", "symbol": "DOGE-USD"}, {"trade_id": 139010554, "side": "buy", "size": "1375.10000000", "price": "0.19796000", "time": "2025-07-14T18:37:27.882394Z", "fetched_at": "2025-07-14T18:39:32.254940+00:00", "symbol": "DOGE-USD"}, {"trade_id": 139010553, "side": "buy", "size": "500.00000000", "price": "0.19796000", "time": "2025-07-14T18:37:27.882394Z", "fetched_at": "2025-07-14T18:39:32.254940+00:00", "symbol": "DOGE-USD"}, {"trade_id": 139010552, "side": "buy", "size": "48.30000000", "price": "0.19798000", "time": "2025-07-14T18:37:27.882394Z", "fetched_at": "2025-07-14T18:39:32.254940+00:00", "symbol": "DOGE-USD"}, {"trade_id": 139010551, "side": "sell", "size": "1056.60000000", "price": "0.19800000", "time": "2025-07-14T18:37:27.863542Z", "fetched_at": "2025-07-14T18:39:32.254940+00:00", "symbol": "DOGE-USD"}, {"trade_id": 139010550, "side": "sell", "size": "10.00000000", "price": "0.19800000", "time": "2025-07-14T18:37:27.565825Z", "fetched_at": "2025-07-14T18:39:32.254940+00:00", "symbol": "DOGE-USD"}, {"trade_id": 139010549, "side": "buy", "size": "3.00000000", "price": "0.19798000", "time": "2025-07-14T18:37:26.972040Z", "fetched_at": "2025-07-14T18:39:32.254940+00:00", "symbol": "DOGE-USD"}, {"trade_id": 139010548, "side": "buy", "size": "5.10000000", "price": "0.19800000", "time": "2025-07-14T18:37:25.638547Z", "fetched_at": "2025-07-14T18:39:32.254940+00:00", "symbol": "DOGE-USD"}, {"trade_id": 139010547, "side": "sell", "size": "4915.50000000", "price": "0.19800000", "time": "2025-07-14T18:37:25.602936Z", "fetched_at": "2025-07-14T18:39:32.254940+00:00", "symbol": "DOGE-USD"}, {"trade_id": 139010546, "side": "sell", "size": "5.60000000", "price": "0.19800000", "time": "2025-07-14T18:37:25.602936Z", "fetched_at": "2025-07-14T18:39:32.254940+00:00", "symbol": "DOGE-USD"}, {"trade_id": 139010545, "side": "sell", "size": "48.30000000", "price": "0.19799000", "time": "2025-07-14T18:37:25.602936Z", "fetched_at": "2025-07-14T18:39:32.254940+00:00", "symbol": "DOGE-USD"}, {"trade_id": 139010544, "side": "sell", "size": "5.10000000", "price": "0.19798000", "time": "2025-07-14T18:37:25.602936Z", "fetched_at": "2025-07-14T18:39:32.254940+00:00", "symbol": "DOGE-USD"}, {"trade_id": 139010543, "side": "sell", "size": "0.50000000", "price": "0.19798000", "time": "2025-07-14T18:37:23.737439Z", "fetched_at": "2025-07-14T18:39:32.254940+00:00", "symbol": "DOGE-USD"}, {"trade_id": 139010542, "side": "sell", "size": "48.30000000", "price": "0.19797000", "time": "2025-07-14T18:37:23.737439Z", "fetched_at": "2025-07-14T18:39:32.254940+00:00", "symbol": "DOGE-USD"}, {"trade_id": 139010541, "side": "buy", "size": "3008.60000000", "price": "0.19793000", "time": "2025-07-14T18:37:22.327485Z", "fetched_at": "2025-07-14T18:39:32.254940+00:00", "symbol": "DOGE-USD"}, {"trade_id": 139010540, "side": "buy", "size": "48.30000000", "price": "0.19796000", "time": "2025-07-14T18:37:22.327485Z", "fetched_at": "2025-07-14T18:39:32.254940+00:00", "symbol": "DOGE-USD"}, {"trade_id": 139010539, "side": "buy", "size": "318.10000000", "price": "0.19797000", "time": "2025-07-14T18:37:22.327485Z", "fetched_at": "2025-07-14T18:39:32.254940+00:00", "symbol": "DOGE-USD"}, {"trade_id": 139010538, "side": "sell", "size": "5.60000000", "price": "0.19796000", "time": "2025-07-14T18:37:18.984179Z", "fetched_at": "2025-07-14T18:39:32.254940+00:00", "symbol": "DOGE-USD"}, {"trade_id": 139010537, "side": "sell", "size": "5.60000000", "price": "0.19794000", "time": "2025-07-14T18:37:18.166519Z", "fetched_at": "2025-07-14T18:39:32.254940+00:00", "symbol": "DOGE-USD"}, {"trade_id": 139010536, "side": "sell", "size": "5.60000000", "price": "0.19792000", "time": "2025-07-14T18:37:18.119685Z", "fetched_at": "2025-07-14T18:39:32.254940+00:00", "symbol": "DOGE-USD"}, {"trade_id": 139010535, "side": "sell", "size": "5.60000000", "price": "0.19788000", "time": "2025-07-14T18:37:14.139865Z", "fetched_at": "2025-07-14T18:39:32.254940+00:00", "symbol": "DOGE-USD"}, {"trade_id": 139010534, "side": "buy", "size": "23.40000000", "price": "0.19787000", "time": "2025-07-14T18:37:13.181734Z", "fetched_at": "2025-07-14T18:39:32.254940+00:00", "symbol": "DOGE-USD"}, {"trade_id": 139010533, "side": "buy", "size": "12664.60000000", "price": "0.19777000", "time": "2025-07-14T18:37:11.251025Z", "fetched_at": "2025-07-14T18:39:32.254940+00:00", "symbol": "DOGE-USD"}, {"trade_id": 139010532, "side": "buy", "size": "810.00000000", "price": "0.19778000", "time": "2025-07-14T18:37:11.251003Z", "fetched_at": "2025-07-14T18:39:32.254940+00:00", "symbol": "DOGE-USD"}, {"trade_id": 139010531, "side": "buy", "size": "48.30000000", "price": "0.19780000", "time": "2025-07-14T18:37:11.251003Z", "fetched_at": "2025-07-14T18:39:32.254940+00:00", "symbol": "DOGE-USD"}, {"trade_id": 139010530, "side": "buy", "size": "685.70000000", "price": "0.19783000", "time": "2025-07-14T18:37:11.220387Z", "fetched_at": "2025-07-14T18:39:32.254940+00:00", "symbol": "DOGE-USD"}, {"trade_id": 139010529, "side": "buy", "size": "48.30000000", "price": "0.19783000", "time": "2025-07-14T18:37:11.220387Z", "fetched_at": "2025-07-14T18:39:32.254940+00:00", "symbol": "DOGE-USD"}, {"trade_id": 139010528, "side": "buy", "size": "810.00000000", "price": "0.19784000", "time": "2025-07-14T18:37:11.217910Z", "fetched_at": "2025-07-14T18:39:32.254940+00:00", "symbol": "DOGE-USD"}, {"trade_id": 139010527, "side": "sell", "size": "995.00000000", "price": "0.19790000", "time": "2025-07-14T18:37:11.196054Z", "fetched_at": "2025-07-14T18:39:32.254940+00:00", "symbol": "DOGE-USD"}, {"trade_id": 139010526, "side": "sell", "size": "2470.40000000", "price": "0.19790000", "time": "2025-07-14T18:37:11.196054Z", "fetched_at": "2025-07-14T18:39:32.254940+00:00", "symbol": "DOGE-USD"}, {"trade_id": 139010525, "side": "sell", "size": "17004.20000000", "price": "0.19790000", "time": "2025-07-14T18:37:11.195642Z", "fetched_at": "2025-07-14T18:39:32.254940+00:00", "symbol": "DOGE-USD"}, {"trade_id": 139010524, "side": "sell", "size": "810.00000000", "price": "0.19790000", "time": "2025-07-14T18:37:11.195642Z", "fetched_at": "2025-07-14T18:39:32.254940+00:00", "symbol": "DOGE-USD"}, {"trade_id": 139010523, "side": "sell", "size": "3869.20000000", "price": "0.19789000", "time": "2025-07-14T18:37:11.195115Z", "fetched_at": "2025-07-14T18:39:32.254940+00:00", "symbol": "DOGE-USD"}, {"trade_id": 139010522, "side": "sell", "size": "2500.00000000", "price": "0.19789000", "time": "2025-07-14T18:37:11.195115Z", "fetched_at": "2025-07-14T18:39:32.254940+00:00", "symbol": "DOGE-USD"}, {"trade_id": 139010521, "side": "sell", "size": "5000.00000000", "price": "0.19789000", "time": "2025-07-14T18:37:11.195115Z", "fetched_at": "2025-07-14T18:39:32.254940+00:00", "symbol": "DOGE-USD"}, {"trade_id": 139010520, "side": "sell", "size": "1861.20000000", "price": "0.19789000", "time": "2025-07-14T18:37:11.195115Z", "fetched_at": "2025-07-14T18:39:32.254940+00:00", "symbol": "DOGE-USD"}, {"trade_id": 139010519, "side": "sell", "size": "1365.30000000", "price": "0.19788000", "time": "2025-07-14T18:37:11.195115Z", "fetched_at": "2025-07-14T18:39:32.254940+00:00", "symbol": "DOGE-USD"}, {"trade_id": 139010518, "side": "sell", "size": "810.00000000", "price": "0.19788000", "time": "2025-07-14T18:37:11.195115Z", "fetched_at": "2025-07-14T18:39:32.254940+00:00", "symbol": "DOGE-USD"}, {"trade_id": 139010517, "side": "sell", "size": "5.60000000", "price": "0.19788000", "time": "2025-07-14T18:37:11.195115Z", "fetched_at": "2025-07-14T18:39:32.254940+00:00", "symbol": "DOGE-USD"}, {"trade_id": 139010516, "side": "sell", "size": "48.30000000", "price": "0.19786000", "time": "2025-07-14T18:37:11.195115Z", "fetched_at": "2025-07-14T18:39:32.254940+00:00", "symbol": "DOGE-USD"}, {"trade_id": 139010515, "side": "sell", "size": "5.60000000", "price": "0.19784000", "time": "2025-07-14T18:37:11.195115Z", "fetched_at": "2025-07-14T18:39:32.254940+00:00", "symbol": "DOGE-USD"}, {"trade_id": 139010514, "side": "buy", "size": "14.30000000", "price": "0.19778000", "time": "2025-07-14T18:37:10.040192Z", "fetched_at": "2025-07-14T18:39:32.254940+00:00", "symbol": "DOGE-USD"}, {"trade_id": 139010513, "side": "buy", "size": "48.40000000", "price": "0.19779000", "time": "2025-07-14T18:37:10.040192Z", "fetched_at": "2025-07-14T18:39:32.254940+00:00", "symbol": "DOGE-USD"}, {"trade_id": 139010512, "side": "sell", "size": "700.00000000", "price": "0.19782000", "time": "2025-07-14T18:37:09.457527Z", "fetched_at": "2025-07-14T18:39:32.254940+00:00", "symbol": "DOGE-USD"}, {"trade_id": 139010511, "side": "sell", "size": "48.40000000", "price": "0.19782000", "time": "2025-07-14T18:37:09.457527Z", "fetched_at": "2025-07-14T18:39:32.254940+00:00", "symbol": "DOGE-USD"}, {"trade_id": 139010510, "side": "sell", "size": "5.60000000", "price": "0.19782000", "time": "2025-07-14T18:37:09.457527Z", "fetched_at": "2025-07-14T18:39:32.254940+00:00", "symbol": "DOGE-USD"}, {"trade_id": 139010509, "side": "sell", "size": "5.60000000", "price": "0.19780000", "time": "2025-07-14T18:37:09.156533Z", "fetched_at": "2025-07-14T18:39:32.254940+00:00", "symbol": "DOGE-USD"}, {"trade_id": 139010508, "side": "sell", "size": "5.60000000", "price": "0.19778000", "time": "2025-07-14T18:37:09.051077Z", "fetched_at": "2025-07-14T18:39:32.254940+00:00", "symbol": "DOGE-USD"}, {"trade_id": 139010507, "side": "sell", "size": "2839.80000000", "price": "0.19777000", "time": "2025-07-14T18:37:09.002667Z", "fetched_at": "2025-07-14T18:39:32.254940+00:00", "symbol": "DOGE-USD"}, {"trade_id": 139010506, "side": "sell", "size": "0.30000000", "price": "0.19772000", "time": "2025-07-14T18:37:07.891933Z", "fetched_at": "2025-07-14T18:39:32.254940+00:00", "symbol": "DOGE-USD"}, {"trade_id": 139010505, "side": "sell", "size": "524.80000000", "price": "0.19772000", "time": "2025-07-14T18:37:07.704734Z", "fetched_at": "2025-07-14T18:39:32.254940+00:00", "symbol": "DOGE-USD"}, {"trade_id": 139010504, "side": "sell", "size": "481.60000000", "price": "0.19772000", "time": "2025-07-14T18:37:07.704734Z", "fetched_at": "2025-07-14T18:39:32.254940+00:00", "symbol": "DOGE-USD"}, {"trade_id": 139010503, "side": "buy", "size": "481.50000000", "price": "0.19771000", "time": "2025-07-14T18:37:06.459003Z", "fetched_at": "2025-07-14T18:39:32.254940+00:00", "symbol": "DOGE-USD"}, {"trade_id": 139010502, "side": "buy", "size": "48.40000000", "price": "0.19772000", "time": "2025-07-14T18:37:06.459003Z", "fetched_at": "2025-07-14T18:39:32.254940+00:00", "symbol": "DOGE-USD"}, {"trade_id": 139010501, "side": "buy", "size": "700.00000000", "price": "0.19772000", "time": "2025-07-14T18:37:06.459003Z", "fetched_at": "2025-07-14T18:39:32.254940+00:00", "symbol": "DOGE-USD"}, {"trade_id": 139010500, "side": "buy", "size": "1368.30000000", "price": "0.19772000", "time": "2025-07-14T18:37:06.459003Z", "fetched_at": "2025-07-14T18:39:32.254940+00:00", "symbol": "DOGE-USD"}, {"trade_id": 139010499, "side": "sell", "size": "1.10000000", "price": "0.19777000", "time": "2025-07-14T18:37:05.913492Z", "fetched_at": "2025-07-14T18:39:32.254940+00:00", "symbol": "DOGE-USD"}, {"trade_id": 139010498, "side": "buy", "size": "48.40000000", "price": "0.19772000", "time": "2025-07-14T18:37:04.321949Z", "fetched_at": "2025-07-14T18:39:32.254940+00:00", "symbol": "DOGE-USD"}, {"trade_id": 139010497, "side": "buy", "size": "5.60000000", "price": "0.19772000", "time": "2025-07-14T18:37:04.321949Z", "fetched_at": "2025-07-14T18:39:32.254940+00:00", "symbol": "DOGE-USD"}, {"trade_id": 139010496, "side": "buy", "size": "5.60000000", "price": "0.19776000", "time": "2025-07-14T18:37:04.258875Z", "fetched_at": "2025-07-14T18:39:32.254940+00:00", "symbol": "DOGE-USD"}, {"trade_id": 139010495, "side": "sell", "size": "675.00000000", "price": "0.19777000", "time": "2025-07-14T18:37:03.870921Z", "fetched_at": "2025-07-14T18:39:32.254940+00:00", "symbol": "DOGE-USD"}, {"trade_id": 139010494, "side": "sell", "size": "183.00000000", "price": "0.19777000", "time": "2025-07-14T18:37:03.870921Z", "fetched_at": "2025-07-14T18:39:32.254940+00:00", "symbol": "DOGE-USD"}, {"trade_id": 139010493, "side": "sell", "size": "481.60000000", "price": "0.19777000", "time": "2025-07-14T18:37:03.870921Z", "fetched_at": "2025-07-14T18:39:32.254940+00:00", "symbol": "DOGE-USD"}, {"trade_id": 139010492, "side": "buy", "size": "870.90000000", "price": "0.19778000", "time": "2025-07-14T18:37:03.234765Z", "fetched_at": "2025-07-14T18:39:32.254940+00:00", "symbol": "DOGE-USD"}, {"trade_id": 139010491, "side": "buy", "size": "48.40000000", "price": "0.19779000", "time": "2025-07-14T18:37:03.234765Z", "fetched_at": "2025-07-14T18:39:32.254940+00:00", "symbol": "DOGE-USD"}, {"trade_id": 139010490, "side": "buy", "size": "5.60000000", "price": "0.19780000", "time": "2025-07-14T18:37:03.234765Z", "fetched_at": "2025-07-14T18:39:32.254940+00:00", "symbol": "DOGE-USD"}, {"trade_id": 139010489, "side": "buy", "size": "5.60000000", "price": "0.19782000", "time": "2025-07-14T18:37:02.235292Z", "fetched_at": "2025-07-14T18:39:32.254940+00:00", "symbol": "DOGE-USD"}, {"trade_id": 139010488, "side": "buy", "size": "5.60000000", "price": "0.19784000", "time": "2025-07-14T18:37:01.364391Z", "fetched_at": "2025-07-14T18:39:32.254940+00:00", "symbol": "DOGE-USD"}, {"trade_id": 139010487, "side": "buy", "size": "5.60000000", "price": "0.19786000", "time": "2025-07-14T18:37:01.305212Z", "fetched_at": "2025-07-14T18:39:32.254940+00:00", "symbol": "DOGE-USD"}, {"trade_id": 139010486, "side": "buy", "size": "5.60000000", "price": "0.19788000", "time": "2025-07-14T18:37:01.178982Z", "fetched_at": "2025-07-14T18:39:32.254940+00:00", "symbol": "DOGE-USD"}, {"trade_id": 139010485, "side": "sell", "size": "25.00000000", "price": "0.19797000", "time": "2025-07-14T18:36:58.031076Z", "fetched_at": "2025-07-14T18:39:32.254940+00:00", "symbol": "DOGE-USD"}, {"trade_id": 139010484, "side": "sell", "size": "810.00000000", "price": "0.19797000", "time": "2025-07-14T18:36:58.031076Z", "fetched_at": "2025-07-14T18:39:32.254940+00:00", "symbol": "DOGE-USD"}, {"trade_id": 139010483, "side": "sell", "size": "318.10000000", "price": "0.19794000", "time": "2025-07-14T18:36:58.031076Z", "fetched_at": "2025-07-14T18:39:32.254940+00:00", "symbol": "DOGE-USD"}, {"trade_id": 139010482, "side": "sell", "size": "445.40000000", "price": "0.19800000", "time": "2025-07-14T18:36:57.266589Z", "fetched_at": "2025-07-14T18:39:32.254940+00:00", "symbol": "DOGE-USD"}, {"trade_id": 139010481, "side": "sell", "size": "5.60000000", "price": "0.19800000", "time": "2025-07-14T18:36:57.266589Z", "fetched_at": "2025-07-14T18:39:32.254940+00:00", "symbol": "DOGE-USD"}, {"trade_id": 139010480, "side": "sell", "size": "48.30000000", "price": "0.19799000", "time": "2025-07-14T18:36:57.266589Z", "fetched_at": "2025-07-14T18:39:32.254940+00:00", "symbol": "DOGE-USD"}, {"trade_id": 139010479, "side": "buy", "size": "510.20000000", "price": "0.19797000", "time": "2025-07-14T18:36:57.253071Z", "fetched_at": "2025-07-14T18:39:32.254940+00:00", "symbol": "DOGE-USD"}, {"trade_id": 139010478, "side": "buy", "size": "11031.40000000", "price": "0.19799000", "time": "2025-07-14T18:36:56.765333Z", "fetched_at": "2025-07-14T18:39:32.254940+00:00", "symbol": "DOGE-USD"}, {"trade_id": 139010477, "side": "sell", "size": "5.60000000", "price": "0.19796000", "time": "2025-07-14T18:36:54.598993Z", "fetched_at": "2025-07-14T18:39:32.254940+00:00", "symbol": "DOGE-USD"}, {"trade_id": 139010476, "side": "buy", "size": "2133.80000000", "price": "0.19782000", "time": "2025-07-14T18:36:53.693703Z", "fetched_at": "2025-07-14T18:39:32.254940+00:00", "symbol": "DOGE-USD"}, {"trade_id": 139010475, "side": "buy", "size": "48.30000000", "price": "0.19783000", "time": "2025-07-14T18:36:53.693703Z", "fetched_at": "2025-07-14T18:39:32.254940+00:00", "symbol": "DOGE-USD"}, {"trade_id": 139010474, "side": "buy", "size": "183.00000000", "price": "0.19785000", "time": "2025-07-14T18:36:53.693703Z", "fetched_at": "2025-07-14T18:39:32.254940+00:00", "symbol": "DOGE-USD"}, {"trade_id": 139010473, "side": "sell", "size": "27.50000000", "price": "0.19787000", "time": "2025-07-14T18:36:53.691878Z", "fetched_at": "2025-07-14T18:39:32.254940+00:00", "symbol": "DOGE-USD"}, {"trade_id": 139010472, "side": "sell", "size": "20.90000000", "price": "0.19781000", "time": "2025-07-14T18:36:51.436215Z", "fetched_at": "2025-07-14T18:39:32.254940+00:00", "symbol": "DOGE-USD"}, {"trade_id": 139010471, "side": "buy", "size": "4897.80000000", "price": "0.19773000", "time": "2025-07-14T18:36:51.306967Z", "fetched_at": "2025-07-14T18:39:32.254940+00:00", "symbol": "DOGE-USD"}, {"trade_id": 139010470, "side": "buy", "size": "20.00000000", "price": "0.19773000", "time": "2025-07-14T18:36:51.306967Z", "fetched_at": "2025-07-14T18:39:32.254940+00:00", "symbol": "DOGE-USD"}, {"trade_id": 139010469, "side": "buy", "size": "149.20000000", "price": "0.19773000", "time": "2025-07-14T18:36:51.306967Z", "fetched_at": "2025-07-14T18:39:32.254940+00:00", "symbol": "DOGE-USD"}, {"trade_id": 139010468, "side": "buy", "size": "810.00000000", "price": "0.19774000", "time": "2025-07-14T18:36:51.306967Z", "fetched_at": "2025-07-14T18:39:32.254940+00:00", "symbol": "DOGE-USD"}, {"trade_id": 139010467, "side": "buy", "size": "339.10000000", "price": "0.19775000", "time": "2025-07-14T18:36:51.306967Z", "fetched_at": "2025-07-14T18:39:32.254940+00:00", "symbol": "DOGE-USD"}, {"trade_id": 139010466, "side": "buy", "size": "810.00000000", "price": "0.19776000", "time": "2025-07-14T18:36:51.306967Z", "fetched_at": "2025-07-14T18:39:32.254940+00:00", "symbol": "DOGE-USD"}, {"trade_id": 139010465, "side": "buy", "size": "5.60000000", "price": "0.19776000", "time": "2025-07-14T18:36:51.306967Z", "fetched_at": "2025-07-14T18:39:32.254940+00:00", "symbol": "DOGE-USD"}, {"trade_id": 139010464, "side": "buy", "size": "810.00000000", "price": "0.19778000", "time": "2025-07-14T18:36:51.306967Z", "fetched_at": "2025-07-14T18:39:32.254940+00:00", "symbol": "DOGE-USD"}, {"trade_id": 139010463, "side": "buy", "size": "8.00000000", "price": "0.19778000", "time": "2025-07-14T18:36:51.306967Z", "fetched_at": "2025-07-14T18:39:32.254940+00:00", "symbol": "DOGE-USD"}, {"trade_id": 139010462, "side": "buy", "size": "134.90000000", "price": "0.19779000", "time": "2025-07-14T18:36:51.306967Z", "fetched_at": "2025-07-14T18:39:32.254940+00:00", "symbol": "DOGE-USD"}, {"trade_id": 139010461, "side": "buy", "size": "15.40000000", "price": "0.19779000", "time": "2025-07-14T18:36:51.306967Z", "fetched_at": "2025-07-14T18:39:32.254940+00:00", "symbol": "DOGE-USD"}, {"trade_id": 139010460, "side": "buy", "size": "5.60000000", "price": "0.19780000", "time": "2025-07-14T18:36:51.306967Z", "fetched_at": "2025-07-14T18:39:32.254940+00:00", "symbol": "DOGE-USD"}, {"trade_id": 139010459, "side": "buy", "size": "5000.00000000", "price": "0.19780000", "time": "2025-07-14T18:36:51.306967Z", "fetched_at": "2025-07-14T18:39:32.254940+00:00", "symbol": "DOGE-USD"}, {"trade_id": 139010458, "side": "buy", "size": "48.00000000", "price": "0.19780000", "time": "2025-07-14T18:36:51.306967Z", "fetched_at": "2025-07-14T18:39:32.254940+00:00", "symbol": "DOGE-USD"}, {"trade_id": 139010457, "side": "buy", "size": "126.30000000", "price": "0.19781000", "time": "2025-07-14T18:36:51.306967Z", "fetched_at": "2025-07-14T18:39:32.254940+00:00", "symbol": "DOGE-USD"}, {"trade_id": 139010456, "side": "buy", "size": "48.30000000", "price": "0.19782000", "time": "2025-07-14T18:36:51.306308Z", "fetched_at": "2025-07-14T18:39:32.254940+00:00", "symbol": "DOGE-USD"}, {"trade_id": 139010455, "side": "buy", "size": "700.00000000", "price": "0.19784000", "time": "2025-07-14T18:36:51.305093Z", "fetched_at": "2025-07-14T18:39:32.254940+00:00", "symbol": "DOGE-USD"}, {"trade_id": 139010454, "side": "sell", "size": "9.80000000", "price": "0.19789000", "time": "2025-07-14T18:36:51.198607Z", "fetched_at": "2025-07-14T18:39:32.254940+00:00", "symbol": "DOGE-USD"}, {"trade_id": 139010453, "side": "buy", "size": "810.00000000", "price": "0.19782000", "time": "2025-07-14T18:36:51.093810Z", "fetched_at": "2025-07-14T18:39:32.254940+00:00", "symbol": "DOGE-USD"}, {"trade_id": 139010452, "side": "buy", "size": "1375.90000000", "price": "0.19782000", "time": "2025-07-14T18:36:51.093810Z", "fetched_at": "2025-07-14T18:39:32.254940+00:00", "symbol": "DOGE-USD"}, {"trade_id": 139010451, "side": "buy", "size": "972.80000000", "price": "0.19783000", "time": "2025-07-14T18:36:51.091334Z", "fetched_at": "2025-07-14T18:39:32.254940+00:00", "symbol": "DOGE-USD"}, {"trade_id": 139010450, "side": "buy", "size": "1883.40000000", "price": "0.19783000", "time": "2025-07-14T18:36:51.091334Z", "fetched_at": "2025-07-14T18:39:32.254940+00:00", "symbol": "DOGE-USD"}, {"trade_id": 139010449, "side": "buy", "size": "12.00000000", "price": "0.19783000", "time": "2025-07-14T18:36:51.091334Z", "fetched_at": "2025-07-14T18:39:32.254940+00:00", "symbol": "DOGE-USD"}, {"trade_id": 139010448, "side": "buy", "size": "5.60000000", "price": "0.19784000", "time": "2025-07-14T18:36:51.091334Z", "fetched_at": "2025-07-14T18:39:32.254940+00:00", "symbol": "DOGE-USD"}, {"trade_id": 139010447, "side": "buy", "size": "810.00000000", "price": "0.19784000", "time": "2025-07-14T18:36:51.091334Z", "fetched_at": "2025-07-14T18:39:32.254940+00:00", "symbol": "DOGE-USD"}, {"trade_id": 139010446, "side": "buy", "size": "125.20000000", "price": "0.19784000", "time": "2025-07-14T18:36:51.091334Z", "fetched_at": "2025-07-14T18:39:32.254940+00:00", "symbol": "DOGE-USD"}, {"trade_id": 139010445, "side": "buy", "size": "12.20000000", "price": "0.19784000", "time": "2025-07-14T18:36:51.091334Z", "fetched_at": "2025-07-14T18:39:32.254940+00:00", "symbol": "DOGE-USD"}, {"trade_id": 139010444, "side": "buy", "size": "16760.20000000", "price": "0.19785000", "time": "2025-07-14T18:36:51.091334Z", "fetched_at": "2025-07-14T18:39:32.254940+00:00", "symbol": "DOGE-USD"}, {"trade_id": 139010443, "side": "buy", "size": "71.90000000", "price": "0.19785000", "time": "2025-07-14T18:36:51.091334Z", "fetched_at": "2025-07-14T18:39:32.254940+00:00", "symbol": "DOGE-USD"}, {"trade_id": 139010442, "side": "buy", "size": "5.60000000", "price": "0.19788000", "time": "2025-07-14T18:36:51.090704Z", "fetched_at": "2025-07-14T18:39:32.254940+00:00", "symbol": "DOGE-USD"}, {"trade_id": 139010441, "side": "buy", "size": "306.80000000", "price": "0.19788000", "time": "2025-07-14T18:36:51.090704Z", "fetched_at": "2025-07-14T18:39:32.254940+00:00", "symbol": "DOGE-USD"}, {"trade_id": 139010440, "side": "buy", "size": "12576.20000000", "price": "0.19789000", "time": "2025-07-14T18:36:51.090444Z", "fetched_at": "2025-07-14T18:39:32.254940+00:00", "symbol": "DOGE-USD"}, {"trade_id": 139010439, "side": "buy", "size": "48.30000000", "price": "0.19790000", "time": "2025-07-14T18:36:51.090263Z", "fetched_at": "2025-07-14T18:39:32.254940+00:00", "symbol": "DOGE-USD"}, {"trade_id": 139010438, "side": "buy", "size": "2192.10000000", "price": "0.19790000", "time": "2025-07-14T18:36:50.740248Z", "fetched_at": "2025-07-14T18:39:32.254940+00:00", "symbol": "DOGE-USD"}, {"trade_id": 139010437, "side": "buy", "size": "25.10000000", "price": "0.19790000", "time": "2025-07-14T18:36:50.740248Z", "fetched_at": "2025-07-14T18:39:32.254940+00:00", "symbol": "DOGE-USD"}, {"trade_id": 139010436, "side": "buy", "size": "700.00000000", "price": "0.19791000", "time": "2025-07-14T18:36:50.740248Z", "fetched_at": "2025-07-14T18:39:32.254940+00:00", "symbol": "DOGE-USD"}, {"trade_id": 139010435, "side": "buy", "size": "48.30000000", "price": "0.19791000", "time": "2025-07-14T18:36:50.740248Z", "fetched_at": "2025-07-14T18:39:32.254940+00:00", "symbol": "DOGE-USD"}, {"trade_id": 139010434, "side": "buy", "size": "61.80000000", "price": "0.19793000", "time": "2025-07-14T18:36:50.740248Z", "fetched_at": "2025-07-14T18:39:32.254940+00:00", "symbol": "DOGE-USD"}, {"trade_id": 139010433, "side": "buy", "size": "1469.80000000", "price": "0.19793000", "time": "2025-07-14T18:36:50.732528Z", "fetched_at": "2025-07-14T18:39:32.254940+00:00", "symbol": "DOGE-USD"}, {"trade_id": 139010432, "side": "sell", "size": "589.70000000", "price": "0.19798000", "time": "2025-07-14T18:36:50.346871Z", "fetched_at": "2025-07-14T18:39:32.254940+00:00", "symbol": "DOGE-USD"}, {"trade_id": 139010431, "side": "sell", "size": "1579.30000000", "price": "0.19797000", "time": "2025-07-14T18:36:50.346871Z", "fetched_at": "2025-07-14T18:39:32.254940+00:00", "symbol": "DOGE-USD"}, {"trade_id": 139010430, "side": "sell", "size": "810.00000000", "price": "0.19797000", "time": "2025-07-14T18:36:50.346871Z", "fetched_at": "2025-07-14T18:39:32.254940+00:00", "symbol": "DOGE-USD"}, {"trade_id": 139010429, "side": "sell", "size": "48.30000000", "price": "0.19796000", "time": "2025-07-14T18:36:50.346871Z", "fetched_at": "2025-07-14T18:39:32.254940+00:00", "symbol": "DOGE-USD"}, {"trade_id": 139010428, "side": "sell", "size": "810.00000000", "price": "0.19796000", "time": "2025-07-14T18:36:49.946647Z", "fetched_at": "2025-07-14T18:39:32.254940+00:00", "symbol": "DOGE-USD"}, {"trade_id": 139010427, "side": "sell", "size": "700.00000000", "price": "0.19798000", "time": "2025-07-14T18:36:49.613291Z", "fetched_at": "2025-07-14T18:39:32.254940+00:00", "symbol": "DOGE-USD"}, {"trade_id": 139010426, "side": "sell", "size": "48.30000000", "price": "0.19798000", "time": "2025-07-14T18:36:49.613291Z", "fetched_at": "2025-07-14T18:39:32.254940+00:00", "symbol": "DOGE-USD"}, {"trade_id": 139010425, "side": "sell", "size": "810.00000000", "price": "0.19797000", "time": "2025-07-14T18:36:49.613291Z", "fetched_at": "2025-07-14T18:39:32.254940+00:00", "symbol": "DOGE-USD"}, {"trade_id": 139010424, "side": "sell", "size": "481.60000000", "price": "0.19797000", "time": "2025-07-14T18:36:49.613291Z", "fetched_at": "2025-07-14T18:39:32.254940+00:00", "symbol": "DOGE-USD"}, {"trade_id": 139010423, "side": "sell", "size": "810.00000000", "price": "0.19801000", "time": "2025-07-14T18:36:48.753613Z", "fetched_at": "2025-07-14T18:39:32.254940+00:00", "symbol": "DOGE-USD"}, {"trade_id": 139010422, "side": "sell", "size": "18876.20000000", "price": "0.19798000", "time": "2025-07-14T18:36:48.753613Z", "fetched_at": "2025-07-14T18:39:32.254940+00:00", "symbol": "DOGE-USD"}, {"trade_id": 139010421, "side": "sell", "size": "28.10000000", "price": "0.19798000", "time": "2025-07-14T18:36:48.753101Z", "fetched_at": "2025-07-14T18:39:32.254940+00:00", "symbol": "DOGE-USD"}, {"trade_id": 139010420, "side": "sell", "size": "33.30000000", "price": "0.19798000", "time": "2025-07-14T18:36:48.753101Z", "fetched_at": "2025-07-14T18:39:32.254940+00:00", "symbol": "DOGE-USD"}, {"trade_id": 139010419, "side": "sell", "size": "7.90000000", "price": "0.19798000", "time": "2025-07-14T18:36:48.746743Z", "fetched_at": "2025-07-14T18:39:32.254940+00:00", "symbol": "DOGE-USD"}, {"trade_id": 139010418, "side": "sell", "size": "7.00000000", "price": "0.19798000", "time": "2025-07-14T18:36:48.746371Z", "fetched_at": "2025-07-14T18:39:32.254940+00:00", "symbol": "DOGE-USD"}, {"trade_id": 139010417, "side": "sell", "size": "3931.80000000", "price": "0.19800000", "time": "2025-07-14T18:36:48.736606Z", "fetched_at": "2025-07-14T18:39:32.254940+00:00", "symbol": "DOGE-USD"}, {"trade_id": 139010416, "side": "sell", "size": "810.00000000", "price": "0.19800000", "time": "2025-07-14T18:36:48.736606Z", "fetched_at": "2025-07-14T18:39:32.254940+00:00", "symbol": "DOGE-USD"}, {"trade_id": 139010415, "side": "sell", "size": "700.00000000", "price": "0.19799000", "time": "2025-07-14T18:36:48.736606Z", "fetched_at": "2025-07-14T18:39:32.254940+00:00", "symbol": "DOGE-USD"}, {"trade_id": 139010414, "side": "sell", "size": "48.20000000", "price": "0.19799000", "time": "2025-07-14T18:36:48.736606Z", "fetched_at": "2025-07-14T18:39:32.254940+00:00", "symbol": "DOGE-USD"}, {"trade_id": 139010413, "side": "sell", "size": "810.00000000", "price": "0.19796000", "time": "2025-07-14T18:36:48.736085Z", "fetched_at": "2025-07-14T18:39:32.254940+00:00", "symbol": "DOGE-USD"}, {"trade_id": 139010412, "side": "sell", "size": "481.60000000", "price": "0.19794000", "time": "2025-07-14T18:36:48.736085Z", "fetched_at": "2025-07-14T18:39:32.254940+00:00", "symbol": "DOGE-USD"}, {"trade_id": 139010411, "side": "sell", "size": "21.80000000", "price": "0.19795000", "time": "2025-07-14T18:36:48.683762Z", "fetched_at": "2025-07-14T18:39:32.254940+00:00", "symbol": "DOGE-USD"}, {"trade_id": 139010410, "side": "sell", "size": "11.30000000", "price": "0.19795000", "time": "2025-07-14T18:36:48.679170Z", "fetched_at": "2025-07-14T18:39:32.254940+00:00", "symbol": "DOGE-USD"}, {"trade_id": 139010409, "side": "buy", "size": "21699.10000000", "price": "0.19789000", "time": "2025-07-14T18:36:48.664672Z", "fetched_at": "2025-07-14T18:39:32.254940+00:00", "symbol": "DOGE-USD"}, {"trade_id": 139010408, "side": "buy", "size": "700.00000000", "price": "0.19790000", "time": "2025-07-14T18:36:48.664672Z", "fetched_at": "2025-07-14T18:39:32.254940+00:00", "symbol": "DOGE-USD"}, {"trade_id": 139010407, "side": "buy", "size": "90.10000000", "price": "0.19790000", "time": "2025-07-14T18:36:48.664672Z", "fetched_at": "2025-07-14T18:39:32.254940+00:00", "symbol": "DOGE-USD"}, {"trade_id": 139010406, "side": "buy", "size": "42.00000000", "price": "0.19790000", "time": "2025-07-14T18:36:48.664672Z", "fetched_at": "2025-07-14T18:39:32.254940+00:00", "symbol": "DOGE-USD"}, {"trade_id": 139010405, "side": "buy", "size": "810.00000000", "price": "0.19791000", "time": "2025-07-14T18:36:48.664672Z", "fetched_at": "2025-07-14T18:39:32.254940+00:00", "symbol": "DOGE-USD"}, {"trade_id": 139010404, "side": "buy", "size": "48.30000000", "price": "0.19796000", "time": "2025-07-14T18:36:48.654309Z", "fetched_at": "2025-07-14T18:39:32.254940+00:00", "symbol": "DOGE-USD"}, {"trade_id": 139010403, "side": "buy", "size": "700.00000000", "price": "0.19796000", "time": "2025-07-14T18:36:48.646027Z", "fetched_at": "2025-07-14T18:39:32.254940+00:00", "symbol": "DOGE-USD"}, {"trade_id": 139010402, "side": "buy", "size": "810.00000000", "price": "0.19798000", "time": "2025-07-14T18:36:48.645655Z", "fetched_at": "2025-07-14T18:39:32.254940+00:00", "symbol": "DOGE-USD"}, {"trade_id": 139010401, "side": "sell", "size": "1877.00000000", "price": "0.19807000", "time": "2025-07-14T18:36:48.635901Z", "fetched_at": "2025-07-14T18:39:32.254940+00:00", "symbol": "DOGE-USD"}, {"trade_id": 139010400, "side": "sell", "size": "1345.60000000", "price": "0.19806000", "time": "2025-07-14T18:36:48.635901Z", "fetched_at": "2025-07-14T18:39:32.254940+00:00", "symbol": "DOGE-USD"}, {"trade_id": 139010399, "side": "sell", "size": "48.20000000", "price": "0.19805000", "time": "2025-07-14T18:36:48.635901Z", "fetched_at": "2025-07-14T18:39:32.254940+00:00", "symbol": "DOGE-USD"}, {"trade_id": 139010398, "side": "sell", "size": "1350.30000000", "price": "0.19804000", "time": "2025-07-14T18:36:48.614865Z", "fetched_at": "2025-07-14T18:39:32.254940+00:00", "symbol": "DOGE-USD"}, {"trade_id": 139010397, "side": "sell", "size": "650.30000000", "price": "0.19798000", "time": "2025-07-14T18:36:48.570357Z", "fetched_at": "2025-07-14T18:39:32.254940+00:00", "symbol": "DOGE-USD"}, {"trade_id": 139010396, "side": "sell", "size": "384.40000000", "price": "0.19797000", "time": "2025-07-14T18:36:48.569713Z", "fetched_at": "2025-07-14T18:39:32.254940+00:00", "symbol": "DOGE-USD"}, {"trade_id": 139010395, "side": "sell", "size": "315.60000000", "price": "0.19797000", "time": "2025-07-14T18:36:48.569310Z", "fetched_at": "2025-07-14T18:39:32.254940+00:00", "symbol": "DOGE-USD"}, {"trade_id": 139010394, "side": "sell", "size": "481.80000000", "price": "0.19795000", "time": "2025-07-14T18:36:48.545807Z", "fetched_at": "2025-07-14T18:39:32.254940+00:00", "symbol": "DOGE-USD"}, {"trade_id": 139010393, "side": "buy", "size": "6568.00000000", "price": "0.19791000", "time": "2025-07-14T18:36:48.545329Z", "fetched_at": "2025-07-14T18:39:32.254940+00:00", "symbol": "DOGE-USD"}, {"trade_id": 139010392, "side": "buy", "size": "7353.00000000", "price": "0.19792000", "time": "2025-07-14T18:36:48.545329Z", "fetched_at": "2025-07-14T18:39:32.254940+00:00", "symbol": "DOGE-USD"}, {"trade_id": 139010391, "side": "buy", "size": "411.50000000", "price": "0.19792000", "time": "2025-07-14T18:36:48.545329Z", "fetched_at": "2025-07-14T18:39:32.254940+00:00", "symbol": "DOGE-USD"}, {"trade_id": 139010390, "side": "buy", "size": "5.60000000", "price": "0.19792000", "time": "2025-07-14T18:36:48.545329Z", "fetched_at": "2025-07-14T18:39:32.254940+00:00", "symbol": "DOGE-USD"}, {"trade_id": 139010389, "side": "buy", "size": "810.00000000", "price": "0.19792000", "time": "2025-07-14T18:36:48.545329Z", "fetched_at": "2025-07-14T18:39:32.254940+00:00", "symbol": "DOGE-USD"}, {"trade_id": 139010388, "side": "buy", "size": "24.30000000", "price": "0.19792000", "time": "2025-07-14T18:36:48.545329Z", "fetched_at": "2025-07-14T18:39:32.254940+00:00", "symbol": "DOGE-USD"}, {"trade_id": 139010387, "side": "buy", "size": "2148.60000000", "price": "0.19794000", "time": "2025-07-14T18:36:48.545329Z", "fetched_at": "2025-07-14T18:39:32.254940+00:00", "symbol": "DOGE-USD"}, {"trade_id": 139010386, "side": "buy", "size": "5.30000000", "price": "0.19793000", "time": "2025-07-14T18:36:48.537653Z", "fetched_at": "2025-07-14T18:39:32.254940+00:00", "symbol": "DOGE-USD"}, {"trade_id": 139010385, "side": "buy", "size": "366.40000000", "price": "0.19794000", "time": "2025-07-14T18:36:48.537653Z", "fetched_at": "2025-07-14T18:39:32.254940+00:00", "symbol": "DOGE-USD"}, {"trade_id": 139010384, "side": "buy", "size": "12.30000000", "price": "0.19795000", "time": "2025-07-14T18:36:48.528911Z", "fetched_at": "2025-07-14T18:39:32.254940+00:00", "symbol": "DOGE-USD"}, {"trade_id": 139010383, "side": "buy", "size": "3027.30000000", "price": "0.19796000", "time": "2025-07-14T18:36:48.528911Z", "fetched_at": "2025-07-14T18:39:32.254940+00:00", "symbol": "DOGE-USD"}, {"trade_id": 139010382, "side": "buy", "size": "5.60000000", "price": "0.19796000", "time": "2025-07-14T18:36:48.528911Z", "fetched_at": "2025-07-14T18:39:32.254940+00:00", "symbol": "DOGE-USD"}, {"trade_id": 139010381, "side": "buy", "size": "810.00000000", "price": "0.19796000", "time": "2025-07-14T18:36:48.528911Z", "fetched_at": "2025-07-14T18:39:32.254940+00:00", "symbol": "DOGE-USD"}, {"trade_id": 139010380, "side": "buy", "size": "108.10000000", "price": "0.19796000", "time": "2025-07-14T18:36:48.528911Z", "fetched_at": "2025-07-14T18:39:32.254940+00:00", "symbol": "DOGE-USD"}, {"trade_id": 139010379, "side": "buy", "size": "505.10000000", "price": "0.19798000", "time": "2025-07-14T18:36:48.528911Z", "fetched_at": "2025-07-14T18:39:32.254940+00:00", "symbol": "DOGE-USD"}, {"trade_id": 139010378, "side": "sell", "size": "184.50000000", "price": "0.19806000", "time": "2025-07-14T18:36:48.526603Z", "fetched_at": "2025-07-14T18:39:32.254940+00:00", "symbol": "DOGE-USD"}, {"trade_id": 139010377, "side": "sell", "size": "183.00000000", "price": "0.19806000", "time": "2025-07-14T18:36:48.524744Z", "fetched_at": "2025-07-14T18:39:32.254940+00:00", "symbol": "DOGE-USD"}, {"trade_id": 139010376, "side": "buy", "size": "920.90000000", "price": "0.19797000", "time": "2025-07-14T18:36:48.524552Z", "fetched_at": "2025-07-14T18:39:32.254940+00:00", "symbol": "DOGE-USD"}, {"trade_id": 139010375, "side": "buy", "size": "810.00000000", "price": "0.19798000", "time": "2025-07-14T18:36:48.524552Z", "fetched_at": "2025-07-14T18:39:32.254940+00:00", "symbol": "DOGE-USD"}, {"trade_id": 139010374, "side": "buy", "size": "716.40000000", "price": "0.19799000", "time": "2025-07-14T18:36:48.524552Z", "fetched_at": "2025-07-14T18:39:32.254940+00:00", "symbol": "DOGE-USD"}, {"trade_id": 139010373, "side": "buy", "size": "1503.70000000", "price": "0.19800000", "time": "2025-07-14T18:36:48.524552Z", "fetched_at": "2025-07-14T18:39:32.254940+00:00", "symbol": "DOGE-USD"}, {"trade_id": 139010372, "side": "sell", "size": "191.20000000", "price": "0.19806000", "time": "2025-07-14T18:36:48.524511Z", "fetched_at": "2025-07-14T18:39:32.254940+00:00", "symbol": "DOGE-USD"}, {"trade_id": 139010371, "side": "buy", "size": "2588.20000000", "price": "0.19799000", "time": "2025-07-14T18:36:48.521740Z", "fetched_at": "2025-07-14T18:39:32.254940+00:00", "symbol": "DOGE-USD"}, {"trade_id": 139010370, "side": "buy", "size": "32.20000000", "price": "0.19799000", "time": "2025-07-14T18:36:48.521740Z", "fetched_at": "2025-07-14T18:39:32.254940+00:00", "symbol": "DOGE-USD"}, {"trade_id": 139010369, "side": "buy", "size": "11171.70000000", "price": "0.19800000", "time": "2025-07-14T18:36:48.521740Z", "fetched_at": "2025-07-14T18:39:32.254940+00:00", "symbol": "DOGE-USD"}, {"trade_id": 139010368, "side": "buy", "size": "5.60000000", "price": "0.19800000", "time": "2025-07-14T18:36:48.521740Z", "fetched_at": "2025-07-14T18:39:32.254940+00:00", "symbol": "DOGE-USD"}, {"trade_id": 139010367, "side": "buy", "size": "19161.20000000", "price": "0.19800000", "time": "2025-07-14T18:36:48.521740Z", "fetched_at": "2025-07-14T18:39:32.254940+00:00", "symbol": "DOGE-USD"}, {"trade_id": 139010366, "side": "buy", "size": "660.00000000", "price": "0.19800000", "time": "2025-07-14T18:36:48.521740Z", "fetched_at": "2025-07-14T18:39:32.254940+00:00", "symbol": "DOGE-USD"}, {"trade_id": 139010365, "side": "buy", "size": "50.30000000", "price": "0.19800000", "time": "2025-07-14T18:36:48.521740Z", "fetched_at": "2025-07-14T18:39:32.254940+00:00", "symbol": "DOGE-USD"}, {"trade_id": 139010364, "side": "buy", "size": "30917.00000000", "price": "0.19800000", "time": "2025-07-14T18:36:48.521740Z", "fetched_at": "2025-07-14T18:39:32.254940+00:00", "symbol": "DOGE-USD"}, {"trade_id": 139010363, "side": "buy", "size": "59.60000000", "price": "0.19800000", "time": "2025-07-14T18:36:48.521740Z", "fetched_at": "2025-07-14T18:39:32.254940+00:00", "symbol": "DOGE-USD"}, {"trade_id": 139010362, "side": "buy", "size": "95.90000000", "price": "0.19800000", "time": "2025-07-14T18:36:48.521740Z", "fetched_at": "2025-07-14T18:39:32.254940+00:00", "symbol": "DOGE-USD"}, {"trade_id": 139010361, "side": "buy", "size": "20.10000000", "price": "0.19800000", "time": "2025-07-14T18:36:48.521740Z", "fetched_at": "2025-07-14T18:39:32.254940+00:00", "symbol": "DOGE-USD"}, {"trade_id": 139010360, "side": "buy", "size": "304.70000000", "price": "0.19800000", "time": "2025-07-14T18:36:48.521740Z", "fetched_at": "2025-07-14T18:39:32.254940+00:00", "symbol": "DOGE-USD"}, {"trade_id": 139010359, "side": "buy", "size": "78.30000000", "price": "0.19800000", "time": "2025-07-14T18:36:48.521740Z", "fetched_at": "2025-07-14T18:39:32.254940+00:00", "symbol": "DOGE-USD"}, {"trade_id": 139010358, "side": "buy", "size": "205.10000000", "price": "0.19800000", "time": "2025-07-14T18:36:48.521740Z", "fetched_at": "2025-07-14T18:39:32.254940+00:00", "symbol": "DOGE-USD"}, {"trade_id": 139010357, "side": "buy", "size": "609.50000000", "price": "0.19800000", "time": "2025-07-14T18:36:48.521740Z", "fetched_at": "2025-07-14T18:39:32.254940+00:00", "symbol": "DOGE-USD"}, {"trade_id": 139010356, "side": "buy", "size": "40.80000000", "price": "0.19800000", "time": "2025-07-14T18:36:48.521740Z", "fetched_at": "2025-07-14T18:39:32.254940+00:00", "symbol": "DOGE-USD"}, {"trade_id": 139010355, "side": "buy", "size": "810.00000000", "price": "0.19802000", "time": "2025-07-14T18:36:48.521480Z", "fetched_at": "2025-07-14T18:39:32.254940+00:00", "symbol": "DOGE-USD"}, {"trade_id": 139010354, "side": "sell", "size": "307.90000000", "price": "0.19806000", "time": "2025-07-14T18:36:48.521113Z", "fetched_at": "2025-07-14T18:39:32.254940+00:00", "symbol": "DOGE-USD"}, {"trade_id": 139010353, "side": "sell", "size": "481.80000000", "price": "0.19806000", "time": "2025-07-14T18:36:48.521113Z", "fetched_at": "2025-07-14T18:39:32.254940+00:00", "symbol": "DOGE-USD"}, {"trade_id": 139010352, "side": "buy", "size": "810.00000000", "price": "0.19805000", "time": "2025-07-14T18:36:48.520489Z", "fetched_at": "2025-07-14T18:39:32.254940+00:00", "symbol": "DOGE-USD"}, {"trade_id": 139010351, "side": "buy", "size": "5.60000000", "price": "0.19804000", "time": "2025-07-14T18:36:48.519907Z", "fetched_at": "2025-07-14T18:39:32.254940+00:00", "symbol": "DOGE-USD"}, {"trade_id": 139010350, "side": "buy", "size": "6.10000000", "price": "0.19805000", "time": "2025-07-14T18:36:48.519907Z", "fetched_at": "2025-07-14T18:39:32.254940+00:00", "symbol": "DOGE-USD"}, {"trade_id": 139010349, "side": "sell", "size": "183.00000000", "price": "0.19808000", "time": "2025-07-14T18:36:48.512692Z", "fetched_at": "2025-07-14T18:39:32.254940+00:00", "symbol": "DOGE-USD"}, {"trade_id": 139010348, "side": "sell", "size": "8.20000000", "price": "0.19807000", "time": "2025-07-14T18:36:48.512692Z", "fetched_at": "2025-07-14T18:39:32.254940+00:00", "symbol": "DOGE-USD"}, {"trade_id": 139010347, "side": "sell", "size": "473.40000000", "price": "0.19807000", "time": "2025-07-14T18:36:48.512379Z", "fetched_at": "2025-07-14T18:39:32.254940+00:00", "symbol": "DOGE-USD"}, {"trade_id": 139010346, "side": "sell", "size": "133.40000000", "price": "0.19810000", "time": "2025-07-14T18:36:48.511508Z", "fetched_at": "2025-07-14T18:39:32.254940+00:00", "symbol": "DOGE-USD"}, {"trade_id": 139010345, "side": "sell", "size": "315.60000000", "price": "0.19808000", "time": "2025-07-14T18:36:48.510615Z", "fetched_at": "2025-07-14T18:39:32.254940+00:00", "symbol": "DOGE-USD"}, {"trade_id": 139010344, "side": "sell", "size": "318.10000000", "price": "0.19808000", "time": "2025-07-14T18:36:48.510615Z", "fetched_at": "2025-07-14T18:39:32.254940+00:00", "symbol": "DOGE-USD"}, {"trade_id": 139010343, "side": "sell", "size": "481.80000000", "price": "0.19808000", "time": "2025-07-14T18:36:48.510615Z", "fetched_at": "2025-07-14T18:39:32.254940+00:00", "symbol": "DOGE-USD"}, {"trade_id": 139010342, "side": "sell", "size": "318.10000000", "price": "0.19807000", "time": "2025-07-14T18:36:48.510615Z", "fetched_at": "2025-07-14T18:39:32.254940+00:00", "symbol": "DOGE-USD"}, {"trade_id": 139010341, "side": "sell", "size": "315.60000000", "price": "0.19807000", "time": "2025-07-14T18:36:48.510615Z", "fetched_at": "2025-07-14T18:39:32.254940+00:00", "symbol": "DOGE-USD"}, {"trade_id": 139010340, "side": "buy", "size": "3540.70000000", "price": "0.19806000", "time": "2025-07-14T18:36:48.509877Z", "fetched_at": "2025-07-14T18:39:32.254940+00:00", "symbol": "DOGE-USD"}, {"trade_id": 139010339, "side": "buy", "size": "26.50000000", "price": "0.19806000", "time": "2025-07-14T18:36:48.509877Z", "fetched_at": "2025-07-14T18:39:32.254940+00:00", "symbol": "DOGE-USD"}, {"trade_id": 139010338, "side": "buy", "size": "12.10000000", "price": "0.19806000", "time": "2025-07-14T18:36:48.509877Z", "fetched_at": "2025-07-14T18:39:32.254940+00:00", "symbol": "DOGE-USD"}, {"trade_id": 139010337, "side": "buy", "size": "3786.50000000", "price": "0.19807000", "time": "2025-07-14T18:36:48.502872Z", "fetched_at": "2025-07-14T18:39:32.254940+00:00", "symbol": "DOGE-USD"}, {"trade_id": 139010336, "side": "buy", "size": "5000.00000000", "price": "0.19807000", "time": "2025-07-14T18:36:48.502872Z", "fetched_at": "2025-07-14T18:39:32.254940+00:00", "symbol": "DOGE-USD"}, {"trade_id": 139010335, "side": "buy", "size": "8.70000000", "price": "0.19807000", "time": "2025-07-14T18:36:48.502872Z", "fetched_at": "2025-07-14T18:39:32.254940+00:00", "symbol": "DOGE-USD"}, {"trade_id": 139010334, "side": "buy", "size": "5.60000000", "price": "0.19808000", "time": "2025-07-14T18:36:48.502414Z", "fetched_at": "2025-07-14T18:39:32.254940+00:00", "symbol": "DOGE-USD"}, {"trade_id": 139010333, "side": "buy", "size": "6.10000000", "price": "0.19808000", "time": "2025-07-14T18:36:48.502414Z", "fetched_at": "2025-07-14T18:39:32.254940+00:00", "symbol": "DOGE-USD"}, {"trade_id": 139010332, "side": "buy", "size": "2019.10000000", "price": "0.19810000", "time": "2025-07-14T18:36:48.502414Z", "fetched_at": "2025-07-14T18:39:32.254940+00:00", "symbol": "DOGE-USD"}, {"trade_id": 139010331, "side": "buy", "size": "780.10000000", "price": "0.19810000", "time": "2025-07-14T18:36:48.502414Z", "fetched_at": "2025-07-14T18:39:32.254940+00:00", "symbol": "DOGE-USD"}, {"trade_id": 139010330, "side": "sell", "size": "481.80000000", "price": "0.19816000", "time": "2025-07-14T18:36:48.501801Z", "fetched_at": "2025-07-14T18:39:32.254940+00:00", "symbol": "DOGE-USD"}, {"trade_id": 139010329, "side": "buy", "size": "3697.20000000", "price": "0.19810000", "time": "2025-07-14T18:36:48.498748Z", "fetched_at": "2025-07-14T18:39:32.254940+00:00", "symbol": "DOGE-USD"}, {"trade_id": 139010328, "side": "buy", "size": "810.00000000", "price": "0.19810000", "time": "2025-07-14T18:36:48.498748Z", "fetched_at": "2025-07-14T18:39:32.254940+00:00", "symbol": "DOGE-USD"}, {"trade_id": 139010327, "side": "buy", "size": "2000.00000000", "price": "0.19812000", "time": "2025-07-14T18:36:48.498748Z", "fetched_at": "2025-07-14T18:39:32.254940+00:00", "symbol": "DOGE-USD"}, {"trade_id": 139010326, "side": "buy", "size": "5.60000000", "price": "0.19812000", "time": "2025-07-14T18:36:48.498748Z", "fetched_at": "2025-07-14T18:39:32.254940+00:00", "symbol": "DOGE-USD"}, {"trade_id": 139010325, "side": "buy", "size": "104.60000000", "price": "0.19812000", "time": "2025-07-14T18:36:48.498748Z", "fetched_at": "2025-07-14T18:39:32.254940+00:00", "symbol": "DOGE-USD"}, {"trade_id": 139010324, "side": "buy", "size": "456.00000000", "price": "0.19812000", "time": "2025-07-14T18:36:48.498748Z", "fetched_at": "2025-07-14T18:39:32.254940+00:00", "symbol": "DOGE-USD"}, {"trade_id": 139010323, "side": "buy", "size": "1327.20000000", "price": "0.19813000", "time": "2025-07-14T18:36:48.498748Z", "fetched_at": "2025-07-14T18:39:32.254940+00:00", "symbol": "DOGE-USD"}, {"trade_id": 139010322, "side": "buy", "size": "810.00000000", "price": "0.19813000", "time": "2025-07-14T18:36:48.498748Z", "fetched_at": "2025-07-14T18:39:32.254940+00:00", "symbol": "DOGE-USD"}, {"trade_id": 139010321, "side": "buy", "size": "10000.00000000", "price": "0.19814000", "time": "2025-07-14T18:36:48.498748Z", "fetched_at": "2025-07-14T18:39:32.254940+00:00", "symbol": "DOGE-USD"}, {"trade_id": 139010320, "side": "buy", "size": "5.60000000", "price": "0.19814000", "time": "2025-07-14T18:36:48.498748Z", "fetched_at": "2025-07-14T18:39:32.254940+00:00", "symbol": "DOGE-USD"}, {"trade_id": 139010319, "side": "buy", "size": "810.00000000", "price": "0.19815000", "time": "2025-07-14T18:36:48.498748Z", "fetched_at": "2025-07-14T18:39:32.254940+00:00", "symbol": "DOGE-USD"}, {"trade_id": 139010318, "side": "buy", "size": "6.20000000", "price": "0.19815000", "time": "2025-07-14T18:36:48.498748Z", "fetched_at": "2025-07-14T18:39:32.254940+00:00", "symbol": "DOGE-USD"}, {"trade_id": 139010317, "side": "buy", "size": "5.60000000", "price": "0.19816000", "time": "2025-07-14T18:36:48.498748Z", "fetched_at": "2025-07-14T18:39:32.254940+00:00", "symbol": "DOGE-USD"}, {"trade_id": 139010316, "side": "buy", "size": "24403.20000000", "price": "0.19816000", "time": "2025-07-14T18:36:48.498748Z", "fetched_at": "2025-07-14T18:39:32.254940+00:00", "symbol": "DOGE-USD"}, {"trade_id": 139010315, "side": "buy", "size": "810.00000000", "price": "0.19817000", "time": "2025-07-14T18:36:48.496955Z", "fetched_at": "2025-07-14T18:39:32.254940+00:00", "symbol": "DOGE-USD"}, {"trade_id": 139010314, "side": "buy", "size": "5.60000000", "price": "0.19818000", "time": "2025-07-14T18:36:48.496529Z", "fetched_at": "2025-07-14T18:39:32.254940+00:00", "symbol": "DOGE-USD"}, {"trade_id": 139010313, "side": "buy", "size": "18159.90000000", "price": "0.19819000", "time": "2025-07-14T18:36:48.496354Z", "fetched_at": "2025-07-14T18:39:32.254940+00:00", "symbol": "DOGE-USD"}, {"trade_id": 139010312, "side": "buy", "size": "2500.00000000", "price": "0.19821000", "time": "2025-07-14T18:36:48.495685Z", "fetched_at": "2025-07-14T18:39:32.254940+00:00", "symbol": "DOGE-USD"}, {"trade_id": 139010311, "side": "buy", "size": "972.80000000", "price": "0.19823000", "time": "2025-07-14T18:36:48.495685Z", "fetched_at": "2025-07-14T18:39:32.254940+00:00", "symbol": "DOGE-USD"}, {"trade_id": 139010310, "side": "buy", "size": "48.20000000", "price": "0.19825000", "time": "2025-07-14T18:36:48.495685Z", "fetched_at": "2025-07-14T18:39:32.254940+00:00", "symbol": "DOGE-USD"}, {"trade_id": 139010309, "side": "sell", "size": "18129.80000000", "price": "0.19824000", "time": "2025-07-14T18:36:45.185299Z", "fetched_at": "2025-07-14T18:39:32.254940+00:00", "symbol": "DOGE-USD"}, {"trade_id": 139010308, "side": "buy", "size": "457.00000000", "price": "0.19816000", "time": "2025-07-14T18:36:44.300960Z", "fetched_at": "2025-07-14T18:39:32.254940+00:00", "symbol": "DOGE-USD"}, {"trade_id": 139010307, "side": "buy", "size": "5.60000000", "price": "0.19816000", "time": "2025-07-14T18:36:44.300960Z", "fetched_at": "2025-07-14T18:39:32.254940+00:00", "symbol": "DOGE-USD"}, {"trade_id": 139010306, "side": "buy", "size": "116.20000000", "price": "0.19816000", "time": "2025-07-14T18:36:44.300960Z", "fetched_at": "2025-07-14T18:39:32.254940+00:00", "symbol": "DOGE-USD"}, {"trade_id": 139010305, "side": "buy", "size": "503.30000000", "price": "0.19816000", "time": "2025-07-14T18:36:44.300960Z", "fetched_at": "2025-07-14T18:39:32.254940+00:00", "symbol": "DOGE-USD"}, {"trade_id": 139010304, "side": "buy", "size": "48.30000000", "price": "0.19817000", "time": "2025-07-14T18:36:44.300960Z", "fetched_at": "2025-07-14T18:39:32.254940+00:00", "symbol": "DOGE-USD"}, {"trade_id": 139010303, "side": "buy", "size": "376.60000000", "price": "0.19819000", "time": "2025-07-14T18:36:44.300960Z", "fetched_at": "2025-07-14T18:39:32.254940+00:00", "symbol": "DOGE-USD"}, {"trade_id": 139010302, "side": "buy", "size": "5.60000000", "price": "0.19820000", "time": "2025-07-14T18:36:44.300960Z", "fetched_at": "2025-07-14T18:39:32.254940+00:00", "symbol": "DOGE-USD"}, {"trade_id": 139010301, "side": "buy", "size": "1004.60000000", "price": "0.19820000", "time": "2025-07-14T18:36:44.300960Z", "fetched_at": "2025-07-14T18:39:32.254940+00:00", "symbol": "DOGE-USD"}, {"trade_id": 139010300, "side": "buy", "size": "5.60000000", "price": "0.19822000", "time": "2025-07-14T18:36:44.300960Z", "fetched_at": "2025-07-14T18:39:32.254940+00:00", "symbol": "DOGE-USD"}, {"trade_id": 139010299, "side": "buy", "size": "0.30000000", "price": "0.19823000", "time": "2025-07-14T18:36:43.776739Z", "fetched_at": "2025-07-14T18:39:32.254940+00:00", "symbol": "DOGE-USD"}, {"trade_id": 139010298, "side": "sell", "size": "0.10000000", "price": "0.19823000", "time": "2025-07-14T18:36:40.361403Z", "fetched_at": "2025-07-14T18:39:32.254940+00:00", "symbol": "DOGE-USD"}, {"trade_id": 139010297, "side": "buy", "size": "48.20000000", "price": "0.19824000", "time": "2025-07-14T18:36:39.853522Z", "fetched_at": "2025-07-14T18:39:32.254940+00:00", "symbol": "DOGE-USD"}, {"trade_id": 139010296, "side": "buy", "size": "258.20000000", "price": "0.19824000", "time": "2025-07-14T18:36:39.355649Z", "fetched_at": "2025-07-14T18:39:32.254940+00:00", "symbol": "DOGE-USD"}, {"trade_id": 139010295, "side": "buy", "size": "810.00000000", "price": "0.19824000", "time": "2025-07-14T18:36:39.355649Z", "fetched_at": "2025-07-14T18:39:32.254940+00:00", "symbol": "DOGE-USD"}, {"trade_id": 139010294, "side": "buy", "size": "5.60000000", "price": "0.19824000", "time": "2025-07-14T18:36:39.355649Z", "fetched_at": "2025-07-14T18:39:32.254940+00:00", "symbol": "DOGE-USD"}, {"trade_id": 139010293, "side": "buy", "size": "1444.00000000", "price": "0.19824000", "time": "2025-07-14T18:36:39.355649Z", "fetched_at": "2025-07-14T18:39:32.254940+00:00", "symbol": "DOGE-USD"}, {"trade_id": 139010292, "side": "buy", "size": "48.20000000", "price": "0.19825000", "time": "2025-07-14T18:36:39.355649Z", "fetched_at": "2025-07-14T18:39:32.254940+00:00", "symbol": "DOGE-USD"}, {"trade_id": 139010291, "side": "buy", "size": "26.80000000", "price": "0.19825000", "time": "2025-07-14T18:36:39.355649Z", "fetched_at": "2025-07-14T18:39:32.254940+00:00", "symbol": "DOGE-USD"}, {"trade_id": 139010290, "side": "buy", "size": "5.60000000", "price": "0.19826000", "time": "2025-07-14T18:36:39.355649Z", "fetched_at": "2025-07-14T18:39:32.254940+00:00", "symbol": "DOGE-USD"}, {"trade_id": 139010289, "side": "buy", "size": "96.00000000", "price": "0.19827000", "time": "2025-07-14T18:36:39.355649Z", "fetched_at": "2025-07-14T18:39:32.254940+00:00", "symbol": "DOGE-USD"}, {"trade_id": 139010288, "side": "buy", "size": "5.60000000", "price": "0.19828000", "time": "2025-07-14T18:36:39.355649Z", "fetched_at": "2025-07-14T18:39:32.254940+00:00", "symbol": "DOGE-USD"}, {"trade_id": 139010287, "side": "buy", "size": "1.80000000", "price": "0.19829000", "time": "2025-07-14T18:36:39.355649Z", "fetched_at": "2025-07-14T18:39:32.254940+00:00", "symbol": "DOGE-USD"}, {"trade_id": 139010286, "side": "buy", "size": "5.60000000", "price": "0.19830000", "time": "2025-07-14T18:36:39.355649Z", "fetched_at": "2025-07-14T18:39:32.254940+00:00", "symbol": "DOGE-USD"}, {"trade_id": 139010285, "side": "buy", "size": "10000.00000000", "price": "0.19832000", "time": "2025-07-14T18:36:39.322500Z", "fetched_at": "2025-07-14T18:39:32.254940+00:00", "symbol": "DOGE-USD"}, {"trade_id": 139010284, "side": "buy", "size": "5.60000000", "price": "0.19832000", "time": "2025-07-14T18:36:39.322500Z", "fetched_at": "2025-07-14T18:39:32.254940+00:00", "symbol": "DOGE-USD"}, {"trade_id": 139010283, "side": "buy", "size": "48.20000000", "price": "0.19833000", "time": "2025-07-14T18:36:39.322500Z", "fetched_at": "2025-07-14T18:39:32.254940+00:00", "symbol": "DOGE-USD"}, {"trade_id": 139010282, "side": "buy", "size": "5.60000000", "price": "0.19834000", "time": "2025-07-14T18:36:39.322500Z", "fetched_at": "2025-07-14T18:39:32.254940+00:00", "symbol": "DOGE-USD"}, {"trade_id": 139010281, "side": "buy", "size": "5.60000000", "price": "0.19836000", "time": "2025-07-14T18:36:39.321561Z", "fetched_at": "2025-07-14T18:39:32.254940+00:00", "symbol": "DOGE-USD"}, {"trade_id": 139010280, "side": "buy", "size": "202.40000000", "price": "0.19836000", "time": "2025-07-14T18:36:39.321561Z", "fetched_at": "2025-07-14T18:39:32.254940+00:00", "symbol": "DOGE-USD"}, {"trade_id": 139010279, "side": "buy", "size": "99.60000000", "price": "0.19836000", "time": "2025-07-14T18:36:39.321561Z", "fetched_at": "2025-07-14T18:39:32.254940+00:00", "symbol": "DOGE-USD"}, {"trade_id": 139010278, "side": "buy", "size": "5.60000000", "price": "0.19838000", "time": "2025-07-14T18:36:39.100712Z", "fetched_at": "2025-07-14T18:39:32.254940+00:00", "symbol": "DOGE-USD"}, {"trade_id": 139010277, "side": "buy", "size": "5.60000000", "price": "0.19840000", "time": "2025-07-14T18:36:38.213320Z", "fetched_at": "2025-07-14T18:39:32.254940+00:00", "symbol": "DOGE-USD"}, {"trade_id": 139010276, "side": "buy", "size": "5.60000000", "price": "0.19842000", "time": "2025-07-14T18:36:37.063137Z", "fetched_at": "2025-07-14T18:39:32.254940+00:00", "symbol": "DOGE-USD"}, {"trade_id": 139010275, "side": "buy", "size": "5.60000000", "price": "0.19844000", "time": "2025-07-14T18:36:37.033143Z", "fetched_at": "2025-07-14T18:39:32.254940+00:00", "symbol": "DOGE-USD"}