[{"trade_id": 139009002, "side": "sell", "size": "95.30000000", "price": "0.19896000", "time": "2025-07-14T18:23:20.832569Z", "fetched_at": "2025-07-14T18:23:24.841751+00:00", "symbol": "DOGE-USD"}, {"trade_id": 139009001, "side": "buy", "size": "1001.30000000", "price": "0.19893000", "time": "2025-07-14T18:23:20.758588Z", "fetched_at": "2025-07-14T18:23:24.841751+00:00", "symbol": "DOGE-USD"}, {"trade_id": 139009000, "side": "buy", "size": "59.30000000", "price": "0.19894000", "time": "2025-07-14T18:23:20.758588Z", "fetched_at": "2025-07-14T18:23:24.841751+00:00", "symbol": "DOGE-USD"}, {"trade_id": 139008999, "side": "buy", "size": "5.60000000", "price": "0.19894000", "time": "2025-07-14T18:23:20.758588Z", "fetched_at": "2025-07-14T18:23:24.841751+00:00", "symbol": "DOGE-USD"}, {"trade_id": 139008998, "side": "buy", "size": "14116.20000000", "price": "0.19895000", "time": "2025-07-14T18:23:19.738679Z", "fetched_at": "2025-07-14T18:23:24.841751+00:00", "symbol": "DOGE-USD"}, {"trade_id": 139008997, "side": "buy", "size": "6836.50000000", "price": "0.19896000", "time": "2025-07-14T18:23:19.578036Z", "fetched_at": "2025-07-14T18:23:24.841751+00:00", "symbol": "DOGE-USD"}, {"trade_id": 139008996, "side": "buy", "size": "1555.70000000", "price": "0.19896000", "time": "2025-07-14T18:23:19.578036Z", "fetched_at": "2025-07-14T18:23:24.841751+00:00", "symbol": "DOGE-USD"}, {"trade_id": 139008995, "side": "buy", "size": "5.60000000", "price": "0.19896000", "time": "2025-07-14T18:23:19.578036Z", "fetched_at": "2025-07-14T18:23:24.841751+00:00", "symbol": "DOGE-USD"}, {"trade_id": 139008994, "side": "buy", "size": "64.90000000", "price": "0.19897000", "time": "2025-07-14T18:23:19.578036Z", "fetched_at": "2025-07-14T18:23:24.841751+00:00", "symbol": "DOGE-USD"}, {"trade_id": 139008993, "side": "buy", "size": "5.60000000", "price": "0.19898000", "time": "2025-07-14T18:23:19.578036Z", "fetched_at": "2025-07-14T18:23:24.841751+00:00", "symbol": "DOGE-USD"}, {"trade_id": 139008992, "side": "buy", "size": "5.60000000", "price": "0.19900000", "time": "2025-07-14T18:23:19.014622Z", "fetched_at": "2025-07-14T18:23:24.841751+00:00", "symbol": "DOGE-USD"}, {"trade_id": 139008991, "side": "buy", "size": "5.60000000", "price": "0.19902000", "time": "2025-07-14T18:23:17.509494Z", "fetched_at": "2025-07-14T18:23:24.841751+00:00", "symbol": "DOGE-USD"}, {"trade_id": 139008990, "side": "buy", "size": "5.60000000", "price": "0.19904000", "time": "2025-07-14T18:23:17.343839Z", "fetched_at": "2025-07-14T18:23:24.841751+00:00", "symbol": "DOGE-USD"}, {"trade_id": 139008989, "side": "buy", "size": "49.90000000", "price": "0.19905000", "time": "2025-07-14T18:23:17.343839Z", "fetched_at": "2025-07-14T18:23:24.841751+00:00", "symbol": "DOGE-USD"}, {"trade_id": 139008988, "side": "sell", "size": "124.60000000", "price": "0.19909000", "time": "2025-07-14T18:23:15.303066Z", "fetched_at": "2025-07-14T18:23:24.841751+00:00", "symbol": "DOGE-USD"}, {"trade_id": 139008987, "side": "buy", "size": "13.80000000", "price": "0.19909000", "time": "2025-07-14T18:23:11.756519Z", "fetched_at": "2025-07-14T18:23:24.841751+00:00", "symbol": "DOGE-USD"}, {"trade_id": 139008986, "side": "sell", "size": "86.70000000", "price": "0.19910000", "time": "2025-07-14T18:23:10.799449Z", "fetched_at": "2025-07-14T18:23:24.841751+00:00", "symbol": "DOGE-USD"}, {"trade_id": 139008985, "side": "sell", "size": "700.00000000", "price": "0.19909000", "time": "2025-07-14T18:23:10.799449Z", "fetched_at": "2025-07-14T18:23:24.841751+00:00", "symbol": "DOGE-USD"}, {"trade_id": 139008984, "side": "sell", "size": "283.90000000", "price": "0.19908000", "time": "2025-07-14T18:23:10.799449Z", "fetched_at": "2025-07-14T18:23:24.841751+00:00", "symbol": "DOGE-USD"}, {"trade_id": 139008983, "side": "buy", "size": "7.50000000", "price": "0.19906000", "time": "2025-07-14T18:23:09.941678Z", "fetched_at": "2025-07-14T18:23:24.841751+00:00", "symbol": "DOGE-USD"}, {"trade_id": 139008982, "side": "buy", "size": "0.20000000", "price": "0.19910000", "time": "2025-07-14T18:23:07.285365Z", "fetched_at": "2025-07-14T18:23:24.841751+00:00", "symbol": "DOGE-USD"}, {"trade_id": 139008981, "side": "buy", "size": "187.50000000", "price": "0.19909000", "time": "2025-07-14T18:23:05.878434Z", "fetched_at": "2025-07-14T18:23:24.841751+00:00", "symbol": "DOGE-USD"}, {"trade_id": 139008980, "side": "sell", "size": "238.10000000", "price": "0.19911000", "time": "2025-07-14T18:23:02.360068Z", "fetched_at": "2025-07-14T18:23:24.841751+00:00", "symbol": "DOGE-USD"}, {"trade_id": 139008979, "side": "buy", "size": "489.40000000", "price": "0.19907000", "time": "2025-07-14T18:23:02.003792Z", "fetched_at": "2025-07-14T18:23:24.841751+00:00", "symbol": "DOGE-USD"}, {"trade_id": 139008978, "side": "buy", "size": "1426.30000000", "price": "0.19908000", "time": "2025-07-14T18:23:02.003792Z", "fetched_at": "2025-07-14T18:23:24.841751+00:00", "symbol": "DOGE-USD"}, {"trade_id": 139008977, "side": "buy", "size": "576.00000000", "price": "0.19908000", "time": "2025-07-14T18:23:02.003792Z", "fetched_at": "2025-07-14T18:23:24.841751+00:00", "symbol": "DOGE-USD"}, {"trade_id": 139008976, "side": "buy", "size": "77.50000000", "price": "0.19909000", "time": "2025-07-14T18:23:02.003792Z", "fetched_at": "2025-07-14T18:23:24.841751+00:00", "symbol": "DOGE-USD"}, {"trade_id": 139008975, "side": "sell", "size": "217.10000000", "price": "0.19901000", "time": "2025-07-14T18:22:58.842755Z", "fetched_at": "2025-07-14T18:23:24.841751+00:00", "symbol": "DOGE-USD"}, {"trade_id": 139008974, "side": "buy", "size": "5.60000000", "price": "0.19902000", "time": "2025-07-14T18:22:55.649128Z", "fetched_at": "2025-07-14T18:23:24.841751+00:00", "symbol": "DOGE-USD"}, {"trade_id": 139008973, "side": "buy", "size": "5.60000000", "price": "0.19904000", "time": "2025-07-14T18:22:55.334965Z", "fetched_at": "2025-07-14T18:23:24.841751+00:00", "symbol": "DOGE-USD"}, {"trade_id": 139008972, "side": "buy", "size": "5.60000000", "price": "0.19906000", "time": "2025-07-14T18:22:54.890992Z", "fetched_at": "2025-07-14T18:23:24.841751+00:00", "symbol": "DOGE-USD"}, {"trade_id": 139008971, "side": "buy", "size": "5.60000000", "price": "0.19908000", "time": "2025-07-14T18:22:54.690209Z", "fetched_at": "2025-07-14T18:23:24.841751+00:00", "symbol": "DOGE-USD"}, {"trade_id": 139008970, "side": "buy", "size": "971.80000000", "price": "0.19910000", "time": "2025-07-14T18:22:50.323160Z", "fetched_at": "2025-07-14T18:23:24.841751+00:00", "symbol": "DOGE-USD"}, {"trade_id": 139008969, "side": "buy", "size": "971.80000000", "price": "0.19911000", "time": "2025-07-14T18:22:50.318456Z", "fetched_at": "2025-07-14T18:23:24.841751+00:00", "symbol": "DOGE-USD"}, {"trade_id": 139008968, "side": "buy", "size": "65.30000000", "price": "0.19912000", "time": "2025-07-14T18:22:50.318456Z", "fetched_at": "2025-07-14T18:23:24.841751+00:00", "symbol": "DOGE-USD"}, {"trade_id": 139008967, "side": "buy", "size": "29.20000000", "price": "0.19908000", "time": "2025-07-14T18:22:48.030340Z", "fetched_at": "2025-07-14T18:23:24.841751+00:00", "symbol": "DOGE-USD"}, {"trade_id": 139008966, "side": "buy", "size": "63.30000000", "price": "0.19909000", "time": "2025-07-14T18:22:48.030340Z", "fetched_at": "2025-07-14T18:23:24.841751+00:00", "symbol": "DOGE-USD"}, {"trade_id": 139008965, "side": "buy", "size": "286.20000000", "price": "0.19910000", "time": "2025-07-14T18:22:48.030340Z", "fetched_at": "2025-07-14T18:23:24.841751+00:00", "symbol": "DOGE-USD"}, {"trade_id": 139008964, "side": "buy", "size": "971.80000000", "price": "0.19911000", "time": "2025-07-14T18:22:47.371518Z", "fetched_at": "2025-07-14T18:23:24.841751+00:00", "symbol": "DOGE-USD"}, {"trade_id": 139008963, "side": "buy", "size": "53.40000000", "price": "0.19911000", "time": "2025-07-14T18:22:47.371518Z", "fetched_at": "2025-07-14T18:23:24.841751+00:00", "symbol": "DOGE-USD"}, {"trade_id": 139008962, "side": "buy", "size": "971.80000000", "price": "0.19912000", "time": "2025-07-14T18:22:47.371503Z", "fetched_at": "2025-07-14T18:23:24.841751+00:00", "symbol": "DOGE-USD"}, {"trade_id": 139008961, "side": "buy", "size": "414.30000000", "price": "0.19913000", "time": "2025-07-14T18:22:46.809982Z", "fetched_at": "2025-07-14T18:23:24.841751+00:00", "symbol": "DOGE-USD"}, {"trade_id": 139008960, "side": "sell", "size": "5.60000000", "price": "0.19912000", "time": "2025-07-14T18:22:46.291703Z", "fetched_at": "2025-07-14T18:23:24.841751+00:00", "symbol": "DOGE-USD"}, {"trade_id": 139008959, "side": "sell", "size": "5.60000000", "price": "0.19910000", "time": "2025-07-14T18:22:45.811514Z", "fetched_at": "2025-07-14T18:23:24.841751+00:00", "symbol": "DOGE-USD"}, {"trade_id": 139008958, "side": "sell", "size": "68.50000000", "price": "0.19910000", "time": "2025-07-14T18:22:45.811514Z", "fetched_at": "2025-07-14T18:23:24.841751+00:00", "symbol": "DOGE-USD"}, {"trade_id": 139008957, "side": "sell", "size": "2944.50000000", "price": "0.19908000", "time": "2025-07-14T18:22:44.451107Z", "fetched_at": "2025-07-14T18:23:24.841751+00:00", "symbol": "DOGE-USD"}, {"trade_id": 139008956, "side": "sell", "size": "3250.70000000", "price": "0.19908000", "time": "2025-07-14T18:22:44.451107Z", "fetched_at": "2025-07-14T18:23:24.841751+00:00", "symbol": "DOGE-USD"}, {"trade_id": 139008955, "side": "sell", "size": "1555.70000000", "price": "0.19908000", "time": "2025-07-14T18:22:44.451107Z", "fetched_at": "2025-07-14T18:23:24.841751+00:00", "symbol": "DOGE-USD"}, {"trade_id": 139008954, "side": "sell", "size": "102.60000000", "price": "0.19907000", "time": "2025-07-14T18:22:44.451107Z", "fetched_at": "2025-07-14T18:23:24.841751+00:00", "symbol": "DOGE-USD"}, {"trade_id": 139008953, "side": "sell", "size": "228.00000000", "price": "0.19907000", "time": "2025-07-14T18:22:40.448283Z", "fetched_at": "2025-07-14T18:23:24.841751+00:00", "symbol": "DOGE-USD"}, {"trade_id": 139008952, "side": "sell", "size": "127.00000000", "price": "0.19906000", "time": "2025-07-14T18:22:40.448283Z", "fetched_at": "2025-07-14T18:23:24.841751+00:00", "symbol": "DOGE-USD"}, {"trade_id": 139008951, "side": "sell", "size": "183.00000000", "price": "0.19905000", "time": "2025-07-14T18:22:40.448283Z", "fetched_at": "2025-07-14T18:23:24.841751+00:00", "symbol": "DOGE-USD"}, {"trade_id": 139008950, "side": "sell", "size": "1337.60000000", "price": "0.19905000", "time": "2025-07-14T18:22:40.448283Z", "fetched_at": "2025-07-14T18:23:24.841751+00:00", "symbol": "DOGE-USD"}, {"trade_id": 139008949, "side": "sell", "size": "1328.30000000", "price": "0.19905000", "time": "2025-07-14T18:22:40.448283Z", "fetched_at": "2025-07-14T18:23:24.841751+00:00", "symbol": "DOGE-USD"}, {"trade_id": 139008948, "side": "buy", "size": "700.00000000", "price": "0.19908000", "time": "2025-07-14T18:22:38.013943Z", "fetched_at": "2025-07-14T18:23:24.841751+00:00", "symbol": "DOGE-USD"}, {"trade_id": 139008947, "side": "buy", "size": "58.10000000", "price": "0.19908000", "time": "2025-07-14T18:22:38.013943Z", "fetched_at": "2025-07-14T18:23:24.841751+00:00", "symbol": "DOGE-USD"}, {"trade_id": 139008946, "side": "buy", "size": "5.60000000", "price": "0.19908000", "time": "2025-07-14T18:22:38.013943Z", "fetched_at": "2025-07-14T18:23:24.841751+00:00", "symbol": "DOGE-USD"}, {"trade_id": 139008945, "side": "buy", "size": "0.50000000", "price": "0.19911000", "time": "2025-07-14T18:22:37.027273Z", "fetched_at": "2025-07-14T18:23:24.841751+00:00", "symbol": "DOGE-USD"}, {"trade_id": 139008944, "side": "buy", "size": "94.80000000", "price": "0.19910000", "time": "2025-07-14T18:22:36.637560Z", "fetched_at": "2025-07-14T18:23:24.841751+00:00", "symbol": "DOGE-USD"}, {"trade_id": 139008943, "side": "buy", "size": "5.60000000", "price": "0.19912000", "time": "2025-07-14T18:22:36.637560Z", "fetched_at": "2025-07-14T18:23:24.841751+00:00", "symbol": "DOGE-USD"}, {"trade_id": 139008942, "side": "sell", "size": "119.10000000", "price": "0.19913000", "time": "2025-07-14T18:22:36.454651Z", "fetched_at": "2025-07-14T18:23:24.841751+00:00", "symbol": "DOGE-USD"}, {"trade_id": 139008941, "side": "buy", "size": "5.60000000", "price": "0.19916000", "time": "2025-07-14T18:22:35.780709Z", "fetched_at": "2025-07-14T18:23:24.841751+00:00", "symbol": "DOGE-USD"}, {"trade_id": 139008940, "side": "buy", "size": "5.60000000", "price": "0.19918000", "time": "2025-07-14T18:22:35.549702Z", "fetched_at": "2025-07-14T18:23:24.841751+00:00", "symbol": "DOGE-USD"}, {"trade_id": 139008939, "side": "buy", "size": "5.60000000", "price": "0.19920000", "time": "2025-07-14T18:22:35.009470Z", "fetched_at": "2025-07-14T18:23:24.841751+00:00", "symbol": "DOGE-USD"}, {"trade_id": 139008938, "side": "buy", "size": "18068.90000000", "price": "0.19922000", "time": "2025-07-14T18:22:34.639365Z", "fetched_at": "2025-07-14T18:23:24.841751+00:00", "symbol": "DOGE-USD"}, {"trade_id": 139008937, "side": "buy", "size": "31.60000000", "price": "0.19922000", "time": "2025-07-14T18:22:34.580579Z", "fetched_at": "2025-07-14T18:23:24.841751+00:00", "symbol": "DOGE-USD"}, {"trade_id": 139008936, "side": "buy", "size": "58.80000000", "price": "0.19923000", "time": "2025-07-14T18:22:34.580579Z", "fetched_at": "2025-07-14T18:23:24.841751+00:00", "symbol": "DOGE-USD"}, {"trade_id": 139008935, "side": "sell", "size": "12.40000000", "price": "0.19930000", "time": "2025-07-14T18:22:32.718287Z", "fetched_at": "2025-07-14T18:23:24.841751+00:00", "symbol": "DOGE-USD"}, {"trade_id": 139008934, "side": "sell", "size": "5.60000000", "price": "0.19930000", "time": "2025-07-14T18:22:32.718287Z", "fetched_at": "2025-07-14T18:23:24.841751+00:00", "symbol": "DOGE-USD"}, {"trade_id": 139008933, "side": "sell", "size": "5.60000000", "price": "0.19928000", "time": "2025-07-14T18:22:32.718287Z", "fetched_at": "2025-07-14T18:23:24.841751+00:00", "symbol": "DOGE-USD"}, {"trade_id": 139008932, "side": "sell", "size": "5.60000000", "price": "0.19926000", "time": "2025-07-14T18:22:32.547864Z", "fetched_at": "2025-07-14T18:23:24.841751+00:00", "symbol": "DOGE-USD"}, {"trade_id": 139008931, "side": "sell", "size": "5.60000000", "price": "0.19924000", "time": "2025-07-14T18:22:30.899798Z", "fetched_at": "2025-07-14T18:23:24.841751+00:00", "symbol": "DOGE-USD"}, {"trade_id": 139008930, "side": "sell", "size": "5.60000000", "price": "0.19922000", "time": "2025-07-14T18:22:30.639477Z", "fetched_at": "2025-07-14T18:23:24.841751+00:00", "symbol": "DOGE-USD"}, {"trade_id": 139008929, "side": "sell", "size": "1339.30000000", "price": "0.19921000", "time": "2025-07-14T18:22:28.958482Z", "fetched_at": "2025-07-14T18:23:24.841751+00:00", "symbol": "DOGE-USD"}, {"trade_id": 139008928, "side": "sell", "size": "1911.10000000", "price": "0.19920000", "time": "2025-07-14T18:22:28.958482Z", "fetched_at": "2025-07-14T18:23:24.841751+00:00", "symbol": "DOGE-USD"}, {"trade_id": 139008927, "side": "sell", "size": "5.60000000", "price": "0.19920000", "time": "2025-07-14T18:22:28.958482Z", "fetched_at": "2025-07-14T18:23:24.841751+00:00", "symbol": "DOGE-USD"}, {"trade_id": 139008926, "side": "sell", "size": "5.60000000", "price": "0.19918000", "time": "2025-07-14T18:22:28.958482Z", "fetched_at": "2025-07-14T18:23:24.841751+00:00", "symbol": "DOGE-USD"}, {"trade_id": 139008925, "side": "sell", "size": "5.60000000", "price": "0.19916000", "time": "2025-07-14T18:22:28.860192Z", "fetched_at": "2025-07-14T18:23:24.841751+00:00", "symbol": "DOGE-USD"}, {"trade_id": 139008924, "side": "sell", "size": "5.60000000", "price": "0.19914000", "time": "2025-07-14T18:22:28.426610Z", "fetched_at": "2025-07-14T18:23:24.841751+00:00", "symbol": "DOGE-USD"}, {"trade_id": 139008923, "side": "sell", "size": "62.30000000", "price": "0.19914000", "time": "2025-07-14T18:22:28.426610Z", "fetched_at": "2025-07-14T18:23:24.841751+00:00", "symbol": "DOGE-USD"}, {"trade_id": 139008922, "side": "sell", "size": "208.00000000", "price": "0.19913000", "time": "2025-07-14T18:22:27.882793Z", "fetched_at": "2025-07-14T18:23:24.841751+00:00", "symbol": "DOGE-USD"}, {"trade_id": 139008921, "side": "sell", "size": "5.60000000", "price": "0.19912000", "time": "2025-07-14T18:22:27.560793Z", "fetched_at": "2025-07-14T18:23:24.841751+00:00", "symbol": "DOGE-USD"}, {"trade_id": 139008920, "side": "sell", "size": "97.70000000", "price": "0.19912000", "time": "2025-07-14T18:22:27.560793Z", "fetched_at": "2025-07-14T18:23:24.841751+00:00", "symbol": "DOGE-USD"}, {"trade_id": 139008919, "side": "sell", "size": "12.40000000", "price": "0.19911000", "time": "2025-07-14T18:22:27.529374Z", "fetched_at": "2025-07-14T18:23:24.841751+00:00", "symbol": "DOGE-USD"}, {"trade_id": 139008918, "side": "sell", "size": "5.60000000", "price": "0.19910000", "time": "2025-07-14T18:22:27.405904Z", "fetched_at": "2025-07-14T18:23:24.841751+00:00", "symbol": "DOGE-USD"}, {"trade_id": 139008917, "side": "sell", "size": "136.60000000", "price": "0.19910000", "time": "2025-07-14T18:22:27.405904Z", "fetched_at": "2025-07-14T18:23:24.841751+00:00", "symbol": "DOGE-USD"}, {"trade_id": 139008916, "side": "sell", "size": "11.30000000", "price": "0.19910000", "time": "2025-07-14T18:22:26.883318Z", "fetched_at": "2025-07-14T18:23:24.841751+00:00", "symbol": "DOGE-USD"}, {"trade_id": 139008915, "side": "sell", "size": "12.30000000", "price": "0.19909000", "time": "2025-07-14T18:22:26.883318Z", "fetched_at": "2025-07-14T18:23:24.841751+00:00", "symbol": "DOGE-USD"}, {"trade_id": 139008914, "side": "sell", "size": "3344.90000000", "price": "0.19908000", "time": "2025-07-14T18:22:22.574497Z", "fetched_at": "2025-07-14T18:23:24.841751+00:00", "symbol": "DOGE-USD"}, {"trade_id": 139008913, "side": "sell", "size": "1555.70000000", "price": "0.19908000", "time": "2025-07-14T18:22:22.574497Z", "fetched_at": "2025-07-14T18:23:24.841751+00:00", "symbol": "DOGE-USD"}, {"trade_id": 139008912, "side": "sell", "size": "1429.30000000", "price": "0.19908000", "time": "2025-07-14T18:22:22.574497Z", "fetched_at": "2025-07-14T18:23:24.841751+00:00", "symbol": "DOGE-USD"}, {"trade_id": 139008911, "side": "sell", "size": "5.60000000", "price": "0.19908000", "time": "2025-07-14T18:22:22.574497Z", "fetched_at": "2025-07-14T18:23:24.841751+00:00", "symbol": "DOGE-USD"}, {"trade_id": 139008910, "side": "sell", "size": "57.50000000", "price": "0.19908000", "time": "2025-07-14T18:22:22.574497Z", "fetched_at": "2025-07-14T18:23:24.841751+00:00", "symbol": "DOGE-USD"}, {"trade_id": 139008909, "side": "sell", "size": "681.20000000", "price": "0.19907000", "time": "2025-07-14T18:22:22.574497Z", "fetched_at": "2025-07-14T18:23:24.841751+00:00", "symbol": "DOGE-USD"}, {"trade_id": 139008908, "side": "sell", "size": "35.20000000", "price": "0.19907000", "time": "2025-07-14T18:22:22.574497Z", "fetched_at": "2025-07-14T18:23:24.841751+00:00", "symbol": "DOGE-USD"}, {"trade_id": 139008907, "side": "sell", "size": "92.40000000", "price": "0.19907000", "time": "2025-07-14T18:22:22.574497Z", "fetched_at": "2025-07-14T18:23:24.841751+00:00", "symbol": "DOGE-USD"}, {"trade_id": 139008906, "side": "sell", "size": "5.60000000", "price": "0.19906000", "time": "2025-07-14T18:22:22.574497Z", "fetched_at": "2025-07-14T18:23:24.841751+00:00", "symbol": "DOGE-USD"}, {"trade_id": 139008905, "side": "sell", "size": "122.80000000", "price": "0.19906000", "time": "2025-07-14T18:22:22.574497Z", "fetched_at": "2025-07-14T18:23:24.841751+00:00", "symbol": "DOGE-USD"}, {"trade_id": 139008904, "side": "sell", "size": "432.20000000", "price": "0.19904000", "time": "2025-07-14T18:22:20.469096Z", "fetched_at": "2025-07-14T18:23:24.841751+00:00", "symbol": "DOGE-USD"}, {"trade_id": 139008903, "side": "sell", "size": "5.60000000", "price": "0.19904000", "time": "2025-07-14T18:22:20.469096Z", "fetched_at": "2025-07-14T18:23:24.841751+00:00", "symbol": "DOGE-USD"}, {"trade_id": 139008902, "side": "sell", "size": "57.00000000", "price": "0.19903000", "time": "2025-07-14T18:22:20.469096Z", "fetched_at": "2025-07-14T18:23:24.841751+00:00", "symbol": "DOGE-USD"}, {"trade_id": 139008901, "side": "sell", "size": "5.60000000", "price": "0.19902000", "time": "2025-07-14T18:22:20.469096Z", "fetched_at": "2025-07-14T18:23:24.841751+00:00", "symbol": "DOGE-USD"}, {"trade_id": 139008900, "side": "sell", "size": "5.60000000", "price": "0.19900000", "time": "2025-07-14T18:22:20.469096Z", "fetched_at": "2025-07-14T18:23:24.841751+00:00", "symbol": "DOGE-USD"}, {"trade_id": 139008899, "side": "sell", "size": "1426.30000000", "price": "0.19898000", "time": "2025-07-14T18:22:18.294583Z", "fetched_at": "2025-07-14T18:23:24.841751+00:00", "symbol": "DOGE-USD"}, {"trade_id": 139008898, "side": "sell", "size": "5.60000000", "price": "0.19898000", "time": "2025-07-14T18:22:15.684303Z", "fetched_at": "2025-07-14T18:23:24.841751+00:00", "symbol": "DOGE-USD"}, {"trade_id": 139008897, "side": "sell", "size": "5.60000000", "price": "0.19896000", "time": "2025-07-14T18:22:14.523866Z", "fetched_at": "2025-07-14T18:23:24.841751+00:00", "symbol": "DOGE-USD"}, {"trade_id": 139008896, "side": "sell", "size": "5.60000000", "price": "0.19894000", "time": "2025-07-14T18:22:13.941436Z", "fetched_at": "2025-07-14T18:23:24.841751+00:00", "symbol": "DOGE-USD"}, {"trade_id": 139008895, "side": "sell", "size": "5.60000000", "price": "0.19892000", "time": "2025-07-14T18:22:13.650800Z", "fetched_at": "2025-07-14T18:23:24.841751+00:00", "symbol": "DOGE-USD"}, {"trade_id": 139008894, "side": "buy", "size": "39.00000000", "price": "0.19891000", "time": "2025-07-14T18:22:11.056041Z", "fetched_at": "2025-07-14T18:23:24.841751+00:00", "symbol": "DOGE-USD"}, {"trade_id": 139008893, "side": "sell", "size": "5.60000000", "price": "0.19890000", "time": "2025-07-14T18:22:10.862975Z", "fetched_at": "2025-07-14T18:23:24.841751+00:00", "symbol": "DOGE-USD"}, {"trade_id": 139008892, "side": "sell", "size": "5.60000000", "price": "0.19888000", "time": "2025-07-14T18:22:09.406561Z", "fetched_at": "2025-07-14T18:23:24.841751+00:00", "symbol": "DOGE-USD"}, {"trade_id": 139008891, "side": "sell", "size": "5.60000000", "price": "0.19886000", "time": "2025-07-14T18:22:08.525686Z", "fetched_at": "2025-07-14T18:23:24.841751+00:00", "symbol": "DOGE-USD"}, {"trade_id": 139008890, "side": "buy", "size": "22.90000000", "price": "0.19881000", "time": "2025-07-14T18:22:07.093429Z", "fetched_at": "2025-07-14T18:23:24.841751+00:00", "symbol": "DOGE-USD"}, {"trade_id": 139008889, "side": "buy", "size": "5.10000000", "price": "0.19882000", "time": "2025-07-14T18:22:07.093429Z", "fetched_at": "2025-07-14T18:23:24.841751+00:00", "symbol": "DOGE-USD"}, {"trade_id": 139008888, "side": "buy", "size": "5.10000000", "price": "0.19885000", "time": "2025-07-14T18:22:06.049337Z", "fetched_at": "2025-07-14T18:23:24.841751+00:00", "symbol": "DOGE-USD"}, {"trade_id": 139008887, "side": "sell", "size": "5.60000000", "price": "0.19886000", "time": "2025-07-14T18:22:05.032448Z", "fetched_at": "2025-07-14T18:23:24.841751+00:00", "symbol": "DOGE-USD"}, {"trade_id": 139008886, "side": "sell", "size": "134.70000000", "price": "0.19885000", "time": "2025-07-14T18:22:04.604652Z", "fetched_at": "2025-07-14T18:23:24.841751+00:00", "symbol": "DOGE-USD"}, {"trade_id": 139008885, "side": "buy", "size": "110.20000000", "price": "0.19878000", "time": "2025-07-14T18:21:59.018029Z", "fetched_at": "2025-07-14T18:23:24.841751+00:00", "symbol": "DOGE-USD"}, {"trade_id": 139008884, "side": "buy", "size": "6.80000000", "price": "0.19879000", "time": "2025-07-14T18:21:59.018029Z", "fetched_at": "2025-07-14T18:23:24.841751+00:00", "symbol": "DOGE-USD"}, {"trade_id": 139008883, "side": "sell", "size": "5.60000000", "price": "0.19884000", "time": "2025-07-14T18:21:55.980759Z", "fetched_at": "2025-07-14T18:23:24.841751+00:00", "symbol": "DOGE-USD"}, {"trade_id": 139008882, "side": "sell", "size": "4496.00000000", "price": "0.19883000", "time": "2025-07-14T18:21:55.967323Z", "fetched_at": "2025-07-14T18:23:24.841751+00:00", "symbol": "DOGE-USD"}, {"trade_id": 139008881, "side": "sell", "size": "7883.70000000", "price": "0.19883000", "time": "2025-07-14T18:21:55.967295Z", "fetched_at": "2025-07-14T18:23:24.841751+00:00", "symbol": "DOGE-USD"}, {"trade_id": 139008880, "side": "sell", "size": "5766.00000000", "price": "0.19883000", "time": "2025-07-14T18:21:55.967144Z", "fetched_at": "2025-07-14T18:23:24.841751+00:00", "symbol": "DOGE-USD"}, {"trade_id": 139008879, "side": "sell", "size": "5.60000000", "price": "0.19882000", "time": "2025-07-14T18:21:55.967144Z", "fetched_at": "2025-07-14T18:23:24.841751+00:00", "symbol": "DOGE-USD"}, {"trade_id": 139008878, "side": "sell", "size": "1234.30000000", "price": "0.19881000", "time": "2025-07-14T18:21:55.475125Z", "fetched_at": "2025-07-14T18:23:24.841751+00:00", "symbol": "DOGE-USD"}, {"trade_id": 139008877, "side": "sell", "size": "5.60000000", "price": "0.19880000", "time": "2025-07-14T18:21:55.475125Z", "fetched_at": "2025-07-14T18:23:24.841751+00:00", "symbol": "DOGE-USD"}, {"trade_id": 139008876, "side": "sell", "size": "5.60000000", "price": "0.19878000", "time": "2025-07-14T18:21:55.475125Z", "fetched_at": "2025-07-14T18:23:24.841751+00:00", "symbol": "DOGE-USD"}, {"trade_id": 139008875, "side": "sell", "size": "5.60000000", "price": "0.19876000", "time": "2025-07-14T18:21:54.716554Z", "fetched_at": "2025-07-14T18:23:24.841751+00:00", "symbol": "DOGE-USD"}, {"trade_id": 139008874, "side": "buy", "size": "274.60000000", "price": "0.19875000", "time": "2025-07-14T18:21:52.254954Z", "fetched_at": "2025-07-14T18:23:24.841751+00:00", "symbol": "DOGE-USD"}, {"trade_id": 139008873, "side": "buy", "size": "286.20000000", "price": "0.19875000", "time": "2025-07-14T18:21:52.254954Z", "fetched_at": "2025-07-14T18:23:24.841751+00:00", "symbol": "DOGE-USD"}, {"trade_id": 139008872, "side": "buy", "size": "14.80000000", "price": "0.19872000", "time": "2025-07-14T18:21:50.459976Z", "fetched_at": "2025-07-14T18:23:24.841751+00:00", "symbol": "DOGE-USD"}, {"trade_id": 139008871, "side": "buy", "size": "7.70000000", "price": "0.19873000", "time": "2025-07-14T18:21:50.459976Z", "fetched_at": "2025-07-14T18:23:24.841751+00:00", "symbol": "DOGE-USD"}, {"trade_id": 139008870, "side": "sell", "size": "39.00000000", "price": "0.19872000", "time": "2025-07-14T18:21:49.845951Z", "fetched_at": "2025-07-14T18:23:24.841751+00:00", "symbol": "DOGE-USD"}, {"trade_id": 139008869, "side": "sell", "size": "530.40000000", "price": "0.19872000", "time": "2025-07-14T18:21:49.845951Z", "fetched_at": "2025-07-14T18:23:24.841751+00:00", "symbol": "DOGE-USD"}, {"trade_id": 139008868, "side": "sell", "size": "205.70000000", "price": "0.19872000", "time": "2025-07-14T18:21:49.838535Z", "fetched_at": "2025-07-14T18:23:24.841751+00:00", "symbol": "DOGE-USD"}, {"trade_id": 139008867, "side": "buy", "size": "135.00000000", "price": "0.19871000", "time": "2025-07-14T18:21:48.799472Z", "fetched_at": "2025-07-14T18:23:24.841751+00:00", "symbol": "DOGE-USD"}, {"trade_id": 139008866, "side": "buy", "size": "47.40000000", "price": "0.19869000", "time": "2025-07-14T18:21:45.947514Z", "fetched_at": "2025-07-14T18:23:24.841751+00:00", "symbol": "DOGE-USD"}, {"trade_id": 139008865, "side": "buy", "size": "104.50000000", "price": "0.19867000", "time": "2025-07-14T18:21:45.051464Z", "fetched_at": "2025-07-14T18:23:24.841751+00:00", "symbol": "DOGE-USD"}, {"trade_id": 139008864, "side": "buy", "size": "5.60000000", "price": "0.19868000", "time": "2025-07-14T18:21:45.051464Z", "fetched_at": "2025-07-14T18:23:24.841751+00:00", "symbol": "DOGE-USD"}, {"trade_id": 139008863, "side": "buy", "size": "5.60000000", "price": "0.19870000", "time": "2025-07-14T18:21:45.051464Z", "fetched_at": "2025-07-14T18:23:24.841751+00:00", "symbol": "DOGE-USD"}, {"trade_id": 139008862, "side": "sell", "size": "933.30000000", "price": "0.19875000", "time": "2025-07-14T18:21:43.883678Z", "fetched_at": "2025-07-14T18:23:24.841751+00:00", "symbol": "DOGE-USD"}, {"trade_id": 139008861, "side": "sell", "size": "1312.70000000", "price": "0.19875000", "time": "2025-07-14T18:21:43.883678Z", "fetched_at": "2025-07-14T18:23:24.841751+00:00", "symbol": "DOGE-USD"}, {"trade_id": 139008860, "side": "sell", "size": "700.00000000", "price": "0.19874000", "time": "2025-07-14T18:21:43.883678Z", "fetched_at": "2025-07-14T18:23:24.841751+00:00", "symbol": "DOGE-USD"}, {"trade_id": 139008859, "side": "sell", "size": "54.00000000", "price": "0.19873000", "time": "2025-07-14T18:21:43.883678Z", "fetched_at": "2025-07-14T18:23:24.841751+00:00", "symbol": "DOGE-USD"}, {"trade_id": 139008858, "side": "buy", "size": "11.00000000", "price": "0.19871000", "time": "2025-07-14T18:21:41.837292Z", "fetched_at": "2025-07-14T18:23:24.841751+00:00", "symbol": "DOGE-USD"}, {"trade_id": 139008857, "side": "sell", "size": "25.00000000", "price": "0.19871000", "time": "2025-07-14T18:21:40.275030Z", "fetched_at": "2025-07-14T18:23:24.841751+00:00", "symbol": "DOGE-USD"}, {"trade_id": 139008856, "side": "sell", "size": "23.90000000", "price": "0.19872000", "time": "2025-07-14T18:21:39.091168Z", "fetched_at": "2025-07-14T18:23:24.841751+00:00", "symbol": "DOGE-USD"}, {"trade_id": 139008855, "side": "buy", "size": "3018.90000000", "price": "0.19872000", "time": "2025-07-14T18:21:39.035945Z", "fetched_at": "2025-07-14T18:23:24.841751+00:00", "symbol": "DOGE-USD"}, {"trade_id": 139008854, "side": "buy", "size": "5.60000000", "price": "0.19872000", "time": "2025-07-14T18:21:39.035945Z", "fetched_at": "2025-07-14T18:23:24.841751+00:00", "symbol": "DOGE-USD"}, {"trade_id": 139008853, "side": "buy", "size": "5.60000000", "price": "0.19874000", "time": "2025-07-14T18:21:39.031821Z", "fetched_at": "2025-07-14T18:23:24.841751+00:00", "symbol": "DOGE-USD"}, {"trade_id": 139008852, "side": "buy", "size": "972.70000000", "price": "0.19875000", "time": "2025-07-14T18:21:39.031821Z", "fetched_at": "2025-07-14T18:23:24.841751+00:00", "symbol": "DOGE-USD"}, {"trade_id": 139008851, "side": "sell", "size": "159.00000000", "price": "0.19880000", "time": "2025-07-14T18:21:37.612082Z", "fetched_at": "2025-07-14T18:23:24.841751+00:00", "symbol": "DOGE-USD"}, {"trade_id": 139008850, "side": "sell", "size": "4467.10000000", "price": "0.19880000", "time": "2025-07-14T18:21:37.611949Z", "fetched_at": "2025-07-14T18:23:24.841751+00:00", "symbol": "DOGE-USD"}, {"trade_id": 139008849, "side": "sell", "size": "5731.70000000", "price": "0.19880000", "time": "2025-07-14T18:21:37.611871Z", "fetched_at": "2025-07-14T18:23:24.841751+00:00", "symbol": "DOGE-USD"}, {"trade_id": 139008848, "side": "sell", "size": "5.60000000", "price": "0.19880000", "time": "2025-07-14T18:21:37.611871Z", "fetched_at": "2025-07-14T18:23:24.841751+00:00", "symbol": "DOGE-USD"}, {"trade_id": 139008847, "side": "sell", "size": "5.60000000", "price": "0.19878000", "time": "2025-07-14T18:21:37.574614Z", "fetched_at": "2025-07-14T18:23:24.841751+00:00", "symbol": "DOGE-USD"}, {"trade_id": 139008846, "side": "buy", "size": "25.20000000", "price": "0.19876000", "time": "2025-07-14T18:21:36.628245Z", "fetched_at": "2025-07-14T18:23:24.841751+00:00", "symbol": "DOGE-USD"}, {"trade_id": 139008845, "side": "sell", "size": "48.60000000", "price": "0.19877000", "time": "2025-07-14T18:21:36.089698Z", "fetched_at": "2025-07-14T18:23:24.841751+00:00", "symbol": "DOGE-USD"}, {"trade_id": 139008844, "side": "sell", "size": "23.70000000", "price": "0.19876000", "time": "2025-07-14T18:21:34.874186Z", "fetched_at": "2025-07-14T18:23:24.841751+00:00", "symbol": "DOGE-USD"}, {"trade_id": 139008843, "side": "sell", "size": "28.00000000", "price": "0.19877000", "time": "2025-07-14T18:21:32.162861Z", "fetched_at": "2025-07-14T18:23:24.841751+00:00", "symbol": "DOGE-USD"}, {"trade_id": 139008842, "side": "sell", "size": "869.00000000", "price": "0.19876000", "time": "2025-07-14T18:21:31.974092Z", "fetched_at": "2025-07-14T18:23:24.841751+00:00", "symbol": "DOGE-USD"}, {"trade_id": 139008841, "side": "buy", "size": "1485.80000000", "price": "0.19865000", "time": "2025-07-14T18:21:29.537329Z", "fetched_at": "2025-07-14T18:23:24.841751+00:00", "symbol": "DOGE-USD"}, {"trade_id": 139008840, "side": "buy", "size": "2000.00000000", "price": "0.19866000", "time": "2025-07-14T18:21:29.537329Z", "fetched_at": "2025-07-14T18:23:24.841751+00:00", "symbol": "DOGE-USD"}, {"trade_id": 139008839, "side": "buy", "size": "7241.70000000", "price": "0.19866000", "time": "2025-07-14T18:21:29.537329Z", "fetched_at": "2025-07-14T18:23:24.841751+00:00", "symbol": "DOGE-USD"}, {"trade_id": 139008838, "side": "buy", "size": "1930.30000000", "price": "0.19866000", "time": "2025-07-14T18:21:29.537329Z", "fetched_at": "2025-07-14T18:23:24.841751+00:00", "symbol": "DOGE-USD"}, {"trade_id": 139008837, "side": "buy", "size": "1555.70000000", "price": "0.19866000", "time": "2025-07-14T18:21:29.537329Z", "fetched_at": "2025-07-14T18:23:24.841751+00:00", "symbol": "DOGE-USD"}, {"trade_id": 139008836, "side": "buy", "size": "5.60000000", "price": "0.19866000", "time": "2025-07-14T18:21:29.537329Z", "fetched_at": "2025-07-14T18:23:24.841751+00:00", "symbol": "DOGE-USD"}, {"trade_id": 139008835, "side": "buy", "size": "1841.00000000", "price": "0.19867000", "time": "2025-07-14T18:21:29.537329Z", "fetched_at": "2025-07-14T18:23:24.841751+00:00", "symbol": "DOGE-USD"}, {"trade_id": 139008834, "side": "buy", "size": "7241.70000000", "price": "0.19867000", "time": "2025-07-14T18:21:29.537329Z", "fetched_at": "2025-07-14T18:23:24.841751+00:00", "symbol": "DOGE-USD"}, {"trade_id": 139008833, "side": "buy", "size": "18167.80000000", "price": "0.19867000", "time": "2025-07-14T18:21:29.537329Z", "fetched_at": "2025-07-14T18:23:24.841751+00:00", "symbol": "DOGE-USD"}, {"trade_id": 139008832, "side": "buy", "size": "3587.60000000", "price": "0.19867000", "time": "2025-07-14T18:21:29.537329Z", "fetched_at": "2025-07-14T18:23:24.841751+00:00", "symbol": "DOGE-USD"}, {"trade_id": 139008831, "side": "buy", "size": "1547.00000000", "price": "0.19867000", "time": "2025-07-14T18:21:29.537329Z", "fetched_at": "2025-07-14T18:23:24.841751+00:00", "symbol": "DOGE-USD"}, {"trade_id": 139008830, "side": "buy", "size": "1407.20000000", "price": "0.19868000", "time": "2025-07-14T18:21:29.537329Z", "fetched_at": "2025-07-14T18:23:24.841751+00:00", "symbol": "DOGE-USD"}, {"trade_id": 139008829, "side": "buy", "size": "7241.70000000", "price": "0.19868000", "time": "2025-07-14T18:21:29.537329Z", "fetched_at": "2025-07-14T18:23:24.841751+00:00", "symbol": "DOGE-USD"}, {"trade_id": 139008828, "side": "buy", "size": "4506.80000000", "price": "0.19868000", "time": "2025-07-14T18:21:29.537329Z", "fetched_at": "2025-07-14T18:23:24.841751+00:00", "symbol": "DOGE-USD"}, {"trade_id": 139008827, "side": "buy", "size": "6313.20000000", "price": "0.19868000", "time": "2025-07-14T18:21:29.537329Z", "fetched_at": "2025-07-14T18:23:24.841751+00:00", "symbol": "DOGE-USD"}, {"trade_id": 139008826, "side": "buy", "size": "2530.80000000", "price": "0.19868000", "time": "2025-07-14T18:21:29.537329Z", "fetched_at": "2025-07-14T18:23:24.841751+00:00", "symbol": "DOGE-USD"}, {"trade_id": 139008825, "side": "buy", "size": "1547.00000000", "price": "0.19868000", "time": "2025-07-14T18:21:29.537329Z", "fetched_at": "2025-07-14T18:23:24.841751+00:00", "symbol": "DOGE-USD"}, {"trade_id": 139008824, "side": "buy", "size": "7230.00000000", "price": "0.19869000", "time": "2025-07-14T18:21:29.537329Z", "fetched_at": "2025-07-14T18:23:24.841751+00:00", "symbol": "DOGE-USD"}, {"trade_id": 139008823, "side": "buy", "size": "2119.70000000", "price": "0.19869000", "time": "2025-07-14T18:21:29.537329Z", "fetched_at": "2025-07-14T18:23:24.841751+00:00", "symbol": "DOGE-USD"}, {"trade_id": 139008822, "side": "buy", "size": "1555.70000000", "price": "0.19869000", "time": "2025-07-14T18:21:29.537329Z", "fetched_at": "2025-07-14T18:23:24.841751+00:00", "symbol": "DOGE-USD"}, {"trade_id": 139008821, "side": "buy", "size": "2013.20000000", "price": "0.19870000", "time": "2025-07-14T18:21:29.537329Z", "fetched_at": "2025-07-14T18:23:24.841751+00:00", "symbol": "DOGE-USD"}, {"trade_id": 139008820, "side": "buy", "size": "5000.00000000", "price": "0.19870000", "time": "2025-07-14T18:21:29.537329Z", "fetched_at": "2025-07-14T18:23:24.841751+00:00", "symbol": "DOGE-USD"}, {"trade_id": 139008819, "side": "buy", "size": "7230.00000000", "price": "0.19870000", "time": "2025-07-14T18:21:29.537329Z", "fetched_at": "2025-07-14T18:23:24.841751+00:00", "symbol": "DOGE-USD"}, {"trade_id": 139008818, "side": "buy", "size": "2782.30000000", "price": "0.19870000", "time": "2025-07-14T18:21:29.537329Z", "fetched_at": "2025-07-14T18:23:24.841751+00:00", "symbol": "DOGE-USD"}, {"trade_id": 139008817, "side": "buy", "size": "1555.70000000", "price": "0.19870000", "time": "2025-07-14T18:21:29.537329Z", "fetched_at": "2025-07-14T18:23:24.841751+00:00", "symbol": "DOGE-USD"}, {"trade_id": 139008816, "side": "buy", "size": "1313.10000000", "price": "0.19870000", "time": "2025-07-14T18:21:29.537329Z", "fetched_at": "2025-07-14T18:23:24.841751+00:00", "symbol": "DOGE-USD"}, {"trade_id": 139008815, "side": "buy", "size": "4328.00000000", "price": "0.19871000", "time": "2025-07-14T18:21:29.537329Z", "fetched_at": "2025-07-14T18:23:24.841751+00:00", "symbol": "DOGE-USD"}, {"trade_id": 139008814, "side": "buy", "size": "7230.00000000", "price": "0.19871000", "time": "2025-07-14T18:21:29.537329Z", "fetched_at": "2025-07-14T18:23:24.841751+00:00", "symbol": "DOGE-USD"}, {"trade_id": 139008813, "side": "buy", "size": "1820.20000000", "price": "0.19871000", "time": "2025-07-14T18:21:29.537329Z", "fetched_at": "2025-07-14T18:23:24.841751+00:00", "symbol": "DOGE-USD"}, {"trade_id": 139008812, "side": "buy", "size": "1555.70000000", "price": "0.19871000", "time": "2025-07-14T18:21:29.537329Z", "fetched_at": "2025-07-14T18:23:24.841751+00:00", "symbol": "DOGE-USD"}, {"trade_id": 139008811, "side": "buy", "size": "2587.80000000", "price": "0.19872000", "time": "2025-07-14T18:21:29.537329Z", "fetched_at": "2025-07-14T18:23:24.841751+00:00", "symbol": "DOGE-USD"}, {"trade_id": 139008810, "side": "buy", "size": "3664.80000000", "price": "0.19872000", "time": "2025-07-14T18:21:29.537329Z", "fetched_at": "2025-07-14T18:23:24.841751+00:00", "symbol": "DOGE-USD"}, {"trade_id": 139008809, "side": "buy", "size": "1555.70000000", "price": "0.19872000", "time": "2025-07-14T18:21:29.537329Z", "fetched_at": "2025-07-14T18:23:24.841751+00:00", "symbol": "DOGE-USD"}, {"trade_id": 139008808, "side": "buy", "size": "972.70000000", "price": "0.19872000", "time": "2025-07-14T18:21:29.537329Z", "fetched_at": "2025-07-14T18:23:24.841751+00:00", "symbol": "DOGE-USD"}, {"trade_id": 139008807, "side": "buy", "size": "1555.70000000", "price": "0.19873000", "time": "2025-07-14T18:21:29.537329Z", "fetched_at": "2025-07-14T18:23:24.841751+00:00", "symbol": "DOGE-USD"}, {"trade_id": 139008806, "side": "buy", "size": "1325.10000000", "price": "0.19874000", "time": "2025-07-14T18:21:29.537329Z", "fetched_at": "2025-07-14T18:23:24.841751+00:00", "symbol": "DOGE-USD"}, {"trade_id": 139008805, "side": "buy", "size": "1453.70000000", "price": "0.19874000", "time": "2025-07-14T18:21:29.537329Z", "fetched_at": "2025-07-14T18:23:24.841751+00:00", "symbol": "DOGE-USD"}, {"trade_id": 139008804, "side": "sell", "size": "2.60000000", "price": "0.19876000", "time": "2025-07-14T18:21:26.708120Z", "fetched_at": "2025-07-14T18:23:24.841751+00:00", "symbol": "DOGE-USD"}, {"trade_id": 139008803, "side": "sell", "size": "51.00000000", "price": "0.19876000", "time": "2025-07-14T18:21:26.708120Z", "fetched_at": "2025-07-14T18:23:24.841751+00:00", "symbol": "DOGE-USD"}, {"trade_id": 139008802, "side": "sell", "size": "5.60000000", "price": "0.19876000", "time": "2025-07-14T18:21:26.708120Z", "fetched_at": "2025-07-14T18:23:24.841751+00:00", "symbol": "DOGE-USD"}, {"trade_id": 139008801, "side": "sell", "size": "5.60000000", "price": "0.19874000", "time": "2025-07-14T18:21:26.708120Z", "fetched_at": "2025-07-14T18:23:24.841751+00:00", "symbol": "DOGE-USD"}, {"trade_id": 139008800, "side": "sell", "size": "498.20000000", "price": "0.19873000", "time": "2025-07-14T18:21:26.381165Z", "fetched_at": "2025-07-14T18:23:24.841751+00:00", "symbol": "DOGE-USD"}, {"trade_id": 139008799, "side": "sell", "size": "5.00000000", "price": "0.19873000", "time": "2025-07-14T18:21:26.226785Z", "fetched_at": "2025-07-14T18:23:24.841751+00:00", "symbol": "DOGE-USD"}, {"trade_id": 139008798, "side": "sell", "size": "55.60000000", "price": "0.19870000", "time": "2025-07-14T18:21:23.300445Z", "fetched_at": "2025-07-14T18:23:24.841751+00:00", "symbol": "DOGE-USD"}, {"trade_id": 139008797, "side": "sell", "size": "183.00000000", "price": "0.19870000", "time": "2025-07-14T18:21:23.300445Z", "fetched_at": "2025-07-14T18:23:24.841751+00:00", "symbol": "DOGE-USD"}, {"trade_id": 139008796, "side": "sell", "size": "249.10000000", "price": "0.19873000", "time": "2025-07-14T18:21:22.464143Z", "fetched_at": "2025-07-14T18:23:24.841751+00:00", "symbol": "DOGE-USD"}, {"trade_id": 139008795, "side": "buy", "size": "427.00000000", "price": "0.19871000", "time": "2025-07-14T18:21:20.656213Z", "fetched_at": "2025-07-14T18:23:24.841751+00:00", "symbol": "DOGE-USD"}, {"trade_id": 139008794, "side": "buy", "size": "6.00000000", "price": "0.19872000", "time": "2025-07-14T18:21:20.656213Z", "fetched_at": "2025-07-14T18:23:24.841751+00:00", "symbol": "DOGE-USD"}, {"trade_id": 139008793, "side": "buy", "size": "25.00000000", "price": "0.19872000", "time": "2025-07-14T18:21:20.656213Z", "fetched_at": "2025-07-14T18:23:24.841751+00:00", "symbol": "DOGE-USD"}, {"trade_id": 139008792, "side": "buy", "size": "286.20000000", "price": "0.19873000", "time": "2025-07-14T18:21:20.656213Z", "fetched_at": "2025-07-14T18:23:24.841751+00:00", "symbol": "DOGE-USD"}, {"trade_id": 139008791, "side": "sell", "size": "5.60000000", "price": "0.19872000", "time": "2025-07-14T18:21:18.438298Z", "fetched_at": "2025-07-14T18:23:24.841751+00:00", "symbol": "DOGE-USD"}, {"trade_id": 139008790, "side": "buy", "size": "141.80000000", "price": "0.19870000", "time": "2025-07-14T18:21:15.809136Z", "fetched_at": "2025-07-14T18:23:24.841751+00:00", "symbol": "DOGE-USD"}, {"trade_id": 139008789, "side": "buy", "size": "140.70000000", "price": "0.19866000", "time": "2025-07-14T18:21:13.568608Z", "fetched_at": "2025-07-14T18:23:24.841751+00:00", "symbol": "DOGE-USD"}, {"trade_id": 139008788, "side": "buy", "size": "1547.00000000", "price": "0.19871000", "time": "2025-07-14T18:21:12.463191Z", "fetched_at": "2025-07-14T18:23:24.841751+00:00", "symbol": "DOGE-USD"}, {"trade_id": 139008787, "side": "buy", "size": "972.70000000", "price": "0.19871000", "time": "2025-07-14T18:21:12.463191Z", "fetched_at": "2025-07-14T18:23:24.841751+00:00", "symbol": "DOGE-USD"}, {"trade_id": 139008786, "side": "buy", "size": "36.40000000", "price": "0.19873000", "time": "2025-07-14T18:21:11.623281Z", "fetched_at": "2025-07-14T18:23:24.841751+00:00", "symbol": "DOGE-USD"}, {"trade_id": 139008785, "side": "sell", "size": "5.60000000", "price": "0.19872000", "time": "2025-07-14T18:21:11.046563Z", "fetched_at": "2025-07-14T18:23:24.841751+00:00", "symbol": "DOGE-USD"}, {"trade_id": 139008784, "side": "sell", "size": "5.60000000", "price": "0.19870000", "time": "2025-07-14T18:21:08.817636Z", "fetched_at": "2025-07-14T18:23:24.841751+00:00", "symbol": "DOGE-USD"}, {"trade_id": 139008783, "side": "sell", "size": "5.60000000", "price": "0.19868000", "time": "2025-07-14T18:21:08.556304Z", "fetched_at": "2025-07-14T18:23:24.841751+00:00", "symbol": "DOGE-USD"}, {"trade_id": 139008782, "side": "buy", "size": "107.10000000", "price": "0.19867000", "time": "2025-07-14T18:21:07.889667Z", "fetched_at": "2025-07-14T18:23:24.841751+00:00", "symbol": "DOGE-USD"}, {"trade_id": 139008781, "side": "buy", "size": "11.60000000", "price": "0.19867000", "time": "2025-07-14T18:21:07.287374Z", "fetched_at": "2025-07-14T18:23:24.841751+00:00", "symbol": "DOGE-USD"}, {"trade_id": 139008780, "side": "buy", "size": "286.20000000", "price": "0.19867000", "time": "2025-07-14T18:21:07.287374Z", "fetched_at": "2025-07-14T18:23:24.841751+00:00", "symbol": "DOGE-USD"}, {"trade_id": 139008779, "side": "sell", "size": "5.60000000", "price": "0.19866000", "time": "2025-07-14T18:21:04.790101Z", "fetched_at": "2025-07-14T18:23:24.841751+00:00", "symbol": "DOGE-USD"}, {"trade_id": 139008778, "side": "sell", "size": "5.60000000", "price": "0.19864000", "time": "2025-07-14T18:21:04.720951Z", "fetched_at": "2025-07-14T18:23:24.841751+00:00", "symbol": "DOGE-USD"}, {"trade_id": 139008777, "side": "sell", "size": "5.60000000", "price": "0.19862000", "time": "2025-07-14T18:21:04.548078Z", "fetched_at": "2025-07-14T18:23:24.841751+00:00", "symbol": "DOGE-USD"}, {"trade_id": 139008776, "side": "sell", "size": "5.60000000", "price": "0.19860000", "time": "2025-07-14T18:21:02.556622Z", "fetched_at": "2025-07-14T18:23:24.841751+00:00", "symbol": "DOGE-USD"}, {"trade_id": 139008775, "side": "buy", "size": "675.70000000", "price": "0.19859000", "time": "2025-07-14T18:21:01.137723Z", "fetched_at": "2025-07-14T18:23:24.841751+00:00", "symbol": "DOGE-USD"}, {"trade_id": 139008774, "side": "buy", "size": "286.20000000", "price": "0.19859000", "time": "2025-07-14T18:21:01.137723Z", "fetched_at": "2025-07-14T18:23:24.841751+00:00", "symbol": "DOGE-USD"}, {"trade_id": 139008773, "side": "sell", "size": "5.60000000", "price": "0.19858000", "time": "2025-07-14T18:21:00.876620Z", "fetched_at": "2025-07-14T18:23:24.841751+00:00", "symbol": "DOGE-USD"}, {"trade_id": 139008772, "side": "sell", "size": "5.60000000", "price": "0.19856000", "time": "2025-07-14T18:21:00.856658Z", "fetched_at": "2025-07-14T18:23:24.841751+00:00", "symbol": "DOGE-USD"}, {"trade_id": 139008771, "side": "sell", "size": "955.90000000", "price": "0.19854000", "time": "2025-07-14T18:21:00.488914Z", "fetched_at": "2025-07-14T18:23:24.841751+00:00", "symbol": "DOGE-USD"}, {"trade_id": 139008770, "side": "sell", "size": "46.40000000", "price": "0.19854000", "time": "2025-07-14T18:21:00.488914Z", "fetched_at": "2025-07-14T18:23:24.841751+00:00", "symbol": "DOGE-USD"}, {"trade_id": 139008769, "side": "sell", "size": "13.70000000", "price": "0.19854000", "time": "2025-07-14T18:20:58.767166Z", "fetched_at": "2025-07-14T18:23:24.841751+00:00", "symbol": "DOGE-USD"}, {"trade_id": 139008768, "side": "sell", "size": "5.60000000", "price": "0.19854000", "time": "2025-07-14T18:20:58.767166Z", "fetched_at": "2025-07-14T18:23:24.841751+00:00", "symbol": "DOGE-USD"}, {"trade_id": 139008767, "side": "sell", "size": "5.60000000", "price": "0.19852000", "time": "2025-07-14T18:20:58.767166Z", "fetched_at": "2025-07-14T18:23:24.841751+00:00", "symbol": "DOGE-USD"}, {"trade_id": 139008766, "side": "sell", "size": "5.60000000", "price": "0.19850000", "time": "2025-07-14T18:20:58.222125Z", "fetched_at": "2025-07-14T18:23:24.841751+00:00", "symbol": "DOGE-USD"}, {"trade_id": 139008765, "side": "sell", "size": "5.60000000", "price": "0.19848000", "time": "2025-07-14T18:20:57.213407Z", "fetched_at": "2025-07-14T18:23:24.841751+00:00", "symbol": "DOGE-USD"}, {"trade_id": 139008764, "side": "sell", "size": "1364.30000000", "price": "0.19847000", "time": "2025-07-14T18:20:57.072130Z", "fetched_at": "2025-07-14T18:23:24.841751+00:00", "symbol": "DOGE-USD"}, {"trade_id": 139008763, "side": "sell", "size": "663.70000000", "price": "0.19846000", "time": "2025-07-14T18:20:57.047373Z", "fetched_at": "2025-07-14T18:23:24.841751+00:00", "symbol": "DOGE-USD"}, {"trade_id": 139008762, "side": "sell", "size": "14979.40000000", "price": "0.19846000", "time": "2025-07-14T18:20:57.042807Z", "fetched_at": "2025-07-14T18:23:24.841751+00:00", "symbol": "DOGE-USD"}, {"trade_id": 139008761, "side": "sell", "size": "2547.30000000", "price": "0.19846000", "time": "2025-07-14T18:20:57.042366Z", "fetched_at": "2025-07-14T18:23:24.841751+00:00", "symbol": "DOGE-USD"}, {"trade_id": 139008760, "side": "sell", "size": "1.90000000", "price": "0.19846000", "time": "2025-07-14T18:20:57.042366Z", "fetched_at": "2025-07-14T18:23:24.841751+00:00", "symbol": "DOGE-USD"}, {"trade_id": 139008759, "side": "sell", "size": "3.70000000", "price": "0.19846000", "time": "2025-07-14T18:20:56.745229Z", "fetched_at": "2025-07-14T18:23:24.841751+00:00", "symbol": "DOGE-USD"}, {"trade_id": 139008758, "side": "sell", "size": "666.00000000", "price": "0.19841000", "time": "2025-07-14T18:20:55.498966Z", "fetched_at": "2025-07-14T18:23:24.841751+00:00", "symbol": "DOGE-USD"}, {"trade_id": 139008757, "side": "buy", "size": "377.70000000", "price": "0.19840000", "time": "2025-07-14T18:20:54.761305Z", "fetched_at": "2025-07-14T18:23:24.841751+00:00", "symbol": "DOGE-USD"}, {"trade_id": 139008756, "side": "buy", "size": "5.60000000", "price": "0.19840000", "time": "2025-07-14T18:20:54.761305Z", "fetched_at": "2025-07-14T18:23:24.841751+00:00", "symbol": "DOGE-USD"}, {"trade_id": 139008755, "side": "buy", "size": "1394.20000000", "price": "0.19841000", "time": "2025-07-14T18:20:54.761305Z", "fetched_at": "2025-07-14T18:23:24.841751+00:00", "symbol": "DOGE-USD"}, {"trade_id": 139008754, "side": "buy", "size": "3.30000000", "price": "0.19842000", "time": "2025-07-14T18:20:54.761305Z", "fetched_at": "2025-07-14T18:23:24.841751+00:00", "symbol": "DOGE-USD"}, {"trade_id": 139008753, "side": "buy", "size": "217.50000000", "price": "0.19842000", "time": "2025-07-14T18:20:53.806905Z", "fetched_at": "2025-07-14T18:23:24.841751+00:00", "symbol": "DOGE-USD"}, {"trade_id": 139008752, "side": "buy", "size": "5.60000000", "price": "0.19842000", "time": "2025-07-14T18:20:52.291782Z", "fetched_at": "2025-07-14T18:23:24.841751+00:00", "symbol": "DOGE-USD"}, {"trade_id": 139008751, "side": "buy", "size": "879.50000000", "price": "0.19845000", "time": "2025-07-14T18:20:50.746130Z", "fetched_at": "2025-07-14T18:23:24.841751+00:00", "symbol": "DOGE-USD"}, {"trade_id": 139008750, "side": "buy", "size": "488.80000000", "price": "0.19844000", "time": "2025-07-14T18:20:48.099706Z", "fetched_at": "2025-07-14T18:23:24.841751+00:00", "symbol": "DOGE-USD"}, {"trade_id": 139008749, "side": "buy", "size": "5.60000000", "price": "0.19844000", "time": "2025-07-14T18:20:48.099706Z", "fetched_at": "2025-07-14T18:23:24.841751+00:00", "symbol": "DOGE-USD"}, {"trade_id": 139008748, "side": "sell", "size": "787.00000000", "price": "0.19846000", "time": "2025-07-14T18:20:47.814320Z", "fetched_at": "2025-07-14T18:23:24.841751+00:00", "symbol": "DOGE-USD"}, {"trade_id": 139008747, "side": "buy", "size": "5.60000000", "price": "0.19846000", "time": "2025-07-14T18:20:44.885700Z", "fetched_at": "2025-07-14T18:23:24.841751+00:00", "symbol": "DOGE-USD"}, {"trade_id": 139008746, "side": "buy", "size": "5.60000000", "price": "0.19848000", "time": "2025-07-14T18:20:44.794613Z", "fetched_at": "2025-07-14T18:23:24.841751+00:00", "symbol": "DOGE-USD"}, {"trade_id": 139008745, "side": "sell", "size": "4.70000000", "price": "0.19849000", "time": "2025-07-14T18:20:43.557299Z", "fetched_at": "2025-07-14T18:23:24.841751+00:00", "symbol": "DOGE-USD"}, {"trade_id": 139008744, "side": "buy", "size": "5.60000000", "price": "0.19850000", "time": "2025-07-14T18:20:42.692188Z", "fetched_at": "2025-07-14T18:23:24.841751+00:00", "symbol": "DOGE-USD"}, {"trade_id": 139008743, "side": "sell", "size": "25.00000000", "price": "0.19851000", "time": "2025-07-14T18:20:42.332799Z", "fetched_at": "2025-07-14T18:23:24.841751+00:00", "symbol": "DOGE-USD"}, {"trade_id": 139008742, "side": "buy", "size": "5.60000000", "price": "0.19852000", "time": "2025-07-14T18:20:41.402820Z", "fetched_at": "2025-07-14T18:23:24.841751+00:00", "symbol": "DOGE-USD"}, {"trade_id": 139008741, "side": "buy", "size": "790.40000000", "price": "0.19853000", "time": "2025-07-14T18:20:41.370136Z", "fetched_at": "2025-07-14T18:23:24.841751+00:00", "symbol": "DOGE-USD"}, {"trade_id": 139008740, "side": "buy", "size": "182.30000000", "price": "0.19853000", "time": "2025-07-14T18:20:41.150733Z", "fetched_at": "2025-07-14T18:23:24.841751+00:00", "symbol": "DOGE-USD"}, {"trade_id": 139008739, "side": "buy", "size": "5.60000000", "price": "0.19854000", "time": "2025-07-14T18:20:41.150733Z", "fetched_at": "2025-07-14T18:23:24.841751+00:00", "symbol": "DOGE-USD"}, {"trade_id": 139008738, "side": "buy", "size": "5.60000000", "price": "0.19856000", "time": "2025-07-14T18:20:41.150733Z", "fetched_at": "2025-07-14T18:23:24.841751+00:00", "symbol": "DOGE-USD"}, {"trade_id": 139008737, "side": "buy", "size": "5.60000000", "price": "0.19858000", "time": "2025-07-14T18:20:39.380731Z", "fetched_at": "2025-07-14T18:23:24.841751+00:00", "symbol": "DOGE-USD"}, {"trade_id": 139008736, "side": "sell", "size": "422.60000000", "price": "0.19861000", "time": "2025-07-14T18:20:38.330415Z", "fetched_at": "2025-07-14T18:23:24.841751+00:00", "symbol": "DOGE-USD"}, {"trade_id": 139008735, "side": "sell", "size": "183.00000000", "price": "0.19859000", "time": "2025-07-14T18:20:38.330415Z", "fetched_at": "2025-07-14T18:23:24.841751+00:00", "symbol": "DOGE-USD"}, {"trade_id": 139008734, "side": "sell", "size": "1471.80000000", "price": "0.19859000", "time": "2025-07-14T18:20:38.330415Z", "fetched_at": "2025-07-14T18:23:24.841751+00:00", "symbol": "DOGE-USD"}, {"trade_id": 139008733, "side": "sell", "size": "1373.50000000", "price": "0.19859000", "time": "2025-07-14T18:20:38.330415Z", "fetched_at": "2025-07-14T18:23:24.841751+00:00", "symbol": "DOGE-USD"}, {"trade_id": 139008732, "side": "sell", "size": "283.90000000", "price": "0.19859000", "time": "2025-07-14T18:20:38.330415Z", "fetched_at": "2025-07-14T18:23:24.841751+00:00", "symbol": "DOGE-USD"}, {"trade_id": 139008731, "side": "sell", "size": "5.90000000", "price": "0.19859000", "time": "2025-07-14T18:20:33.293919Z", "fetched_at": "2025-07-14T18:23:24.841751+00:00", "symbol": "DOGE-USD"}, {"trade_id": 139008730, "side": "buy", "size": "192.00000000", "price": "0.19859000", "time": "2025-07-14T18:20:32.849522Z", "fetched_at": "2025-07-14T18:23:24.841751+00:00", "symbol": "DOGE-USD"}, {"trade_id": 139008729, "side": "buy", "size": "5.60000000", "price": "0.19860000", "time": "2025-07-14T18:20:32.849522Z", "fetched_at": "2025-07-14T18:23:24.841751+00:00", "symbol": "DOGE-USD"}, {"trade_id": 139008728, "side": "buy", "size": "5.60000000", "price": "0.19862000", "time": "2025-07-14T18:20:32.849522Z", "fetched_at": "2025-07-14T18:23:24.841751+00:00", "symbol": "DOGE-USD"}, {"trade_id": 139008727, "side": "buy", "size": "5.60000000", "price": "0.19864000", "time": "2025-07-14T18:20:32.372634Z", "fetched_at": "2025-07-14T18:23:24.841751+00:00", "symbol": "DOGE-USD"}, {"trade_id": 139008726, "side": "buy", "size": "19.30000000", "price": "0.19865000", "time": "2025-07-14T18:20:32.238900Z", "fetched_at": "2025-07-14T18:23:24.841751+00:00", "symbol": "DOGE-USD"}, {"trade_id": 139008725, "side": "buy", "size": "5.60000000", "price": "0.19866000", "time": "2025-07-14T18:20:32.238900Z", "fetched_at": "2025-07-14T18:23:24.841751+00:00", "symbol": "DOGE-USD"}, {"trade_id": 139008724, "side": "buy", "size": "5.60000000", "price": "0.19868000", "time": "2025-07-14T18:20:30.806662Z", "fetched_at": "2025-07-14T18:23:24.841751+00:00", "symbol": "DOGE-USD"}, {"trade_id": 139008723, "side": "buy", "size": "5.60000000", "price": "0.19870000", "time": "2025-07-14T18:20:29.963949Z", "fetched_at": "2025-07-14T18:23:24.841751+00:00", "symbol": "DOGE-USD"}, {"trade_id": 139008722, "side": "sell", "size": "25.00000000", "price": "0.19871000", "time": "2025-07-14T18:20:29.931993Z", "fetched_at": "2025-07-14T18:23:24.841751+00:00", "symbol": "DOGE-USD"}, {"trade_id": 139008721, "side": "buy", "size": "5.60000000", "price": "0.19872000", "time": "2025-07-14T18:20:29.898633Z", "fetched_at": "2025-07-14T18:23:24.841751+00:00", "symbol": "DOGE-USD"}, {"trade_id": 139008720, "side": "buy", "size": "1381.30000000", "price": "0.19877000", "time": "2025-07-14T18:20:29.243645Z", "fetched_at": "2025-07-14T18:23:24.841751+00:00", "symbol": "DOGE-USD"}, {"trade_id": 139008719, "side": "buy", "size": "286.20000000", "price": "0.19877000", "time": "2025-07-14T18:20:29.243645Z", "fetched_at": "2025-07-14T18:23:24.841751+00:00", "symbol": "DOGE-USD"}, {"trade_id": 139008718, "side": "sell", "size": "5.60000000", "price": "0.19876000", "time": "2025-07-14T18:20:27.278595Z", "fetched_at": "2025-07-14T18:23:24.841751+00:00", "symbol": "DOGE-USD"}, {"trade_id": 139008717, "side": "buy", "size": "1436.40000000", "price": "0.19875000", "time": "2025-07-14T18:20:24.002610Z", "fetched_at": "2025-07-14T18:23:24.841751+00:00", "symbol": "DOGE-USD"}, {"trade_id": 139008716, "side": "sell", "size": "4.40000000", "price": "0.19875000", "time": "2025-07-14T18:20:22.823828Z", "fetched_at": "2025-07-14T18:23:24.841751+00:00", "symbol": "DOGE-USD"}, {"trade_id": 139008715, "side": "sell", "size": "5.50000000", "price": "0.19874000", "time": "2025-07-14T18:20:22.823828Z", "fetched_at": "2025-07-14T18:23:24.841751+00:00", "symbol": "DOGE-USD"}, {"trade_id": 139008714, "side": "buy", "size": "972.70000000", "price": "0.19873000", "time": "2025-07-14T18:20:22.598631Z", "fetched_at": "2025-07-14T18:23:24.841751+00:00", "symbol": "DOGE-USD"}, {"trade_id": 139008713, "side": "buy", "size": "383.80000000", "price": "0.19871000", "time": "2025-07-14T18:20:21.635842Z", "fetched_at": "2025-07-14T18:23:24.841751+00:00", "symbol": "DOGE-USD"}, {"trade_id": 139008712, "side": "buy", "size": "1547.00000000", "price": "0.19872000", "time": "2025-07-14T18:20:21.635842Z", "fetched_at": "2025-07-14T18:23:24.841751+00:00", "symbol": "DOGE-USD"}, {"trade_id": 139008711, "side": "buy", "size": "1473.80000000", "price": "0.19873000", "time": "2025-07-14T18:20:21.635842Z", "fetched_at": "2025-07-14T18:23:24.841751+00:00", "symbol": "DOGE-USD"}, {"trade_id": 139008710, "side": "buy", "size": "18189.70000000", "price": "0.19873000", "time": "2025-07-14T18:20:21.635842Z", "fetched_at": "2025-07-14T18:23:24.841751+00:00", "symbol": "DOGE-USD"}, {"trade_id": 139008709, "side": "buy", "size": "2500.00000000", "price": "0.19873000", "time": "2025-07-14T18:20:21.635842Z", "fetched_at": "2025-07-14T18:23:24.841751+00:00", "symbol": "DOGE-USD"}, {"trade_id": 139008708, "side": "buy", "size": "1305.60000000", "price": "0.19873000", "time": "2025-07-14T18:20:21.635842Z", "fetched_at": "2025-07-14T18:23:24.841751+00:00", "symbol": "DOGE-USD"}, {"trade_id": 139008707, "side": "buy", "size": "1388.50000000", "price": "0.19873000", "time": "2025-07-14T18:20:21.635842Z", "fetched_at": "2025-07-14T18:23:24.841751+00:00", "symbol": "DOGE-USD"}, {"trade_id": 139008706, "side": "buy", "size": "972.70000000", "price": "0.19873000", "time": "2025-07-14T18:20:21.635842Z", "fetched_at": "2025-07-14T18:23:24.841751+00:00", "symbol": "DOGE-USD"}, {"trade_id": 139008705, "side": "buy", "size": "286.20000000", "price": "0.19873000", "time": "2025-07-14T18:20:21.635842Z", "fetched_at": "2025-07-14T18:23:24.841751+00:00", "symbol": "DOGE-USD"}, {"trade_id": 139008704, "side": "buy", "size": "183.00000000", "price": "0.19873000", "time": "2025-07-14T18:20:21.635842Z", "fetched_at": "2025-07-14T18:23:24.841751+00:00", "symbol": "DOGE-USD"}, {"trade_id": 139008703, "side": "sell", "size": "0.10000000", "price": "0.19874000", "time": "2025-07-14T18:20:20.434339Z", "fetched_at": "2025-07-14T18:23:24.841751+00:00", "symbol": "DOGE-USD"}, {"trade_id": 139008702, "side": "sell", "size": "5.60000000", "price": "0.19872000", "time": "2025-07-14T18:20:19.831084Z", "fetched_at": "2025-07-14T18:23:24.841751+00:00", "symbol": "DOGE-USD"}, {"trade_id": 139008701, "side": "sell", "size": "5.60000000", "price": "0.19870000", "time": "2025-07-14T18:20:19.714712Z", "fetched_at": "2025-07-14T18:23:24.841751+00:00", "symbol": "DOGE-USD"}, {"trade_id": 139008700, "side": "sell", "size": "0.10000000", "price": "0.19865000", "time": "2025-07-14T18:20:15.082962Z", "fetched_at": "2025-07-14T18:23:24.841751+00:00", "symbol": "DOGE-USD"}, {"trade_id": 139008699, "side": "sell", "size": "157.10000000", "price": "0.19865000", "time": "2025-07-14T18:20:15.024052Z", "fetched_at": "2025-07-14T18:23:24.841751+00:00", "symbol": "DOGE-USD"}, {"trade_id": 139008698, "side": "sell", "size": "143.20000000", "price": "0.19865000", "time": "2025-07-14T18:20:13.793825Z", "fetched_at": "2025-07-14T18:23:24.841751+00:00", "symbol": "DOGE-USD"}, {"trade_id": 139008697, "side": "buy", "size": "5.60000000", "price": "0.19866000", "time": "2025-07-14T18:20:07.525034Z", "fetched_at": "2025-07-14T18:23:24.841751+00:00", "symbol": "DOGE-USD"}, {"trade_id": 139008696, "side": "buy", "size": "267.80000000", "price": "0.19868000", "time": "2025-07-14T18:20:05.070185Z", "fetched_at": "2025-07-14T18:23:24.841751+00:00", "symbol": "DOGE-USD"}, {"trade_id": 139008695, "side": "buy", "size": "5.60000000", "price": "0.19868000", "time": "2025-07-14T18:20:05.070185Z", "fetched_at": "2025-07-14T18:23:24.841751+00:00", "symbol": "DOGE-USD"}, {"trade_id": 139008694, "side": "buy", "size": "7.70000000", "price": "0.19869000", "time": "2025-07-14T18:20:05.070185Z", "fetched_at": "2025-07-14T18:23:24.841751+00:00", "symbol": "DOGE-USD"}, {"trade_id": 139008693, "side": "sell", "size": "216.90000000", "price": "0.19872000", "time": "2025-07-14T18:20:04.605259Z", "fetched_at": "2025-07-14T18:23:24.841751+00:00", "symbol": "DOGE-USD"}, {"trade_id": 139008692, "side": "sell", "size": "283.90000000", "price": "0.19871000", "time": "2025-07-14T18:20:04.605259Z", "fetched_at": "2025-07-14T18:23:24.841751+00:00", "symbol": "DOGE-USD"}, {"trade_id": 139008691, "side": "sell", "size": "158.40000000", "price": "0.19871000", "time": "2025-07-14T18:20:02.097477Z", "fetched_at": "2025-07-14T18:23:24.841751+00:00", "symbol": "DOGE-USD"}, {"trade_id": 139008690, "side": "buy", "size": "3015.00000000", "price": "0.19870000", "time": "2025-07-14T18:19:59.536772Z", "fetched_at": "2025-07-14T18:23:24.841751+00:00", "symbol": "DOGE-USD"}, {"trade_id": 139008689, "side": "buy", "size": "5.60000000", "price": "0.19870000", "time": "2025-07-14T18:19:59.536772Z", "fetched_at": "2025-07-14T18:23:24.841751+00:00", "symbol": "DOGE-USD"}, {"trade_id": 139008688, "side": "buy", "size": "5.60000000", "price": "0.19872000", "time": "2025-07-14T18:19:58.143549Z", "fetched_at": "2025-07-14T18:23:24.841751+00:00", "symbol": "DOGE-USD"}, {"trade_id": 139008687, "side": "sell", "size": "35.80000000", "price": "0.19873000", "time": "2025-07-14T18:19:58.071227Z", "fetched_at": "2025-07-14T18:23:24.841751+00:00", "symbol": "DOGE-USD"}, {"trade_id": 139008686, "side": "buy", "size": "5.60000000", "price": "0.19874000", "time": "2025-07-14T18:19:58.036757Z", "fetched_at": "2025-07-14T18:23:24.841751+00:00", "symbol": "DOGE-USD"}, {"trade_id": 139008685, "side": "buy", "size": "5.60000000", "price": "0.19876000", "time": "2025-07-14T18:19:57.639772Z", "fetched_at": "2025-07-14T18:23:24.841751+00:00", "symbol": "DOGE-USD"}, {"trade_id": 139008684, "side": "buy", "size": "1512.90000000", "price": "0.19881000", "time": "2025-07-14T18:19:53.311002Z", "fetched_at": "2025-07-14T18:23:24.841751+00:00", "symbol": "DOGE-USD"}, {"trade_id": 139008683, "side": "sell", "size": "5.00000000", "price": "0.19882000", "time": "2025-07-14T18:19:53.031259Z", "fetched_at": "2025-07-14T18:23:24.841751+00:00", "symbol": "DOGE-USD"}, {"trade_id": 139008682, "side": "sell", "size": "18187.70000000", "price": "0.19879000", "time": "2025-07-14T18:19:50.229969Z", "fetched_at": "2025-07-14T18:23:24.841751+00:00", "symbol": "DOGE-USD"}, {"trade_id": 139008681, "side": "sell", "size": "825.00000000", "price": "0.19878000", "time": "2025-07-14T18:19:50.229969Z", "fetched_at": "2025-07-14T18:23:24.841751+00:00", "symbol": "DOGE-USD"}, {"trade_id": 139008680, "side": "buy", "size": "67.20000000", "price": "0.19877000", "time": "2025-07-14T18:19:48.943790Z", "fetched_at": "2025-07-14T18:23:24.841751+00:00", "symbol": "DOGE-USD"}, {"trade_id": 139008679, "side": "sell", "size": "119.20000000", "price": "0.19878000", "time": "2025-07-14T18:19:48.851777Z", "fetched_at": "2025-07-14T18:23:24.841751+00:00", "symbol": "DOGE-USD"}, {"trade_id": 139008678, "side": "buy", "size": "113.70000000", "price": "0.19876000", "time": "2025-07-14T18:19:48.236772Z", "fetched_at": "2025-07-14T18:23:24.841751+00:00", "symbol": "DOGE-USD"}, {"trade_id": 139008677, "side": "buy", "size": "972.70000000", "price": "0.19876000", "time": "2025-07-14T18:19:48.236772Z", "fetched_at": "2025-07-14T18:23:24.841751+00:00", "symbol": "DOGE-USD"}, {"trade_id": 139008676, "side": "buy", "size": "5.60000000", "price": "0.19876000", "time": "2025-07-14T18:19:48.236772Z", "fetched_at": "2025-07-14T18:23:24.841751+00:00", "symbol": "DOGE-USD"}, {"trade_id": 139008675, "side": "buy", "size": "1335.70000000", "price": "0.19877000", "time": "2025-07-14T18:19:48.236772Z", "fetched_at": "2025-07-14T18:23:24.841751+00:00", "symbol": "DOGE-USD"}, {"trade_id": 139008674, "side": "buy", "size": "700.00000000", "price": "0.19877000", "time": "2025-07-14T18:19:48.236772Z", "fetched_at": "2025-07-14T18:23:24.841751+00:00", "symbol": "DOGE-USD"}, {"trade_id": 139008673, "side": "buy", "size": "5.40000000", "price": "0.19877000", "time": "2025-07-14T18:19:48.236772Z", "fetched_at": "2025-07-14T18:23:24.841751+00:00", "symbol": "DOGE-USD"}, {"trade_id": 139008672, "side": "buy", "size": "183.00000000", "price": "0.19877000", "time": "2025-07-14T18:19:48.236772Z", "fetched_at": "2025-07-14T18:23:24.841751+00:00", "symbol": "DOGE-USD"}, {"trade_id": 139008671, "side": "buy", "size": "5.60000000", "price": "0.19878000", "time": "2025-07-14T18:19:47.688516Z", "fetched_at": "2025-07-14T18:23:24.841751+00:00", "symbol": "DOGE-USD"}, {"trade_id": 139008670, "side": "buy", "size": "5.60000000", "price": "0.19880000", "time": "2025-07-14T18:19:47.671330Z", "fetched_at": "2025-07-14T18:23:24.841751+00:00", "symbol": "DOGE-USD"}, {"trade_id": 139008669, "side": "sell", "size": "216.70000000", "price": "0.19881000", "time": "2025-07-14T18:19:46.697958Z", "fetched_at": "2025-07-14T18:23:24.841751+00:00", "symbol": "DOGE-USD"}, {"trade_id": 139008668, "side": "sell", "size": "183.00000000", "price": "0.19881000", "time": "2025-07-14T18:19:46.697958Z", "fetched_at": "2025-07-14T18:23:24.841751+00:00", "symbol": "DOGE-USD"}, {"trade_id": 139008667, "side": "sell", "size": "288.60000000", "price": "0.19881000", "time": "2025-07-14T18:19:46.697958Z", "fetched_at": "2025-07-14T18:23:24.841751+00:00", "symbol": "DOGE-USD"}, {"trade_id": 139008666, "side": "sell", "size": "283.90000000", "price": "0.19881000", "time": "2025-07-14T18:19:46.697958Z", "fetched_at": "2025-07-14T18:23:24.841751+00:00", "symbol": "DOGE-USD"}, {"trade_id": 139008665, "side": "buy", "size": "143.00000000", "price": "0.19882000", "time": "2025-07-14T18:19:46.331634Z", "fetched_at": "2025-07-14T18:23:24.841751+00:00", "symbol": "DOGE-USD"}, {"trade_id": 139008664, "side": "buy", "size": "5.60000000", "price": "0.19882000", "time": "2025-07-14T18:19:46.331634Z", "fetched_at": "2025-07-14T18:23:24.841751+00:00", "symbol": "DOGE-USD"}, {"trade_id": 139008663, "side": "sell", "size": "160.60000000", "price": "0.19886000", "time": "2025-07-14T18:19:45.682849Z", "fetched_at": "2025-07-14T18:23:24.841751+00:00", "symbol": "DOGE-USD"}, {"trade_id": 139008662, "side": "sell", "size": "700.00000000", "price": "0.19886000", "time": "2025-07-14T18:19:45.682849Z", "fetched_at": "2025-07-14T18:23:24.841751+00:00", "symbol": "DOGE-USD"}, {"trade_id": 139008661, "side": "sell", "size": "34.30000000", "price": "0.19885000", "time": "2025-07-14T18:19:45.682849Z", "fetched_at": "2025-07-14T18:23:24.841751+00:00", "symbol": "DOGE-USD"}, {"trade_id": 139008660, "side": "sell", "size": "283.90000000", "price": "0.19883000", "time": "2025-07-14T18:19:45.682849Z", "fetched_at": "2025-07-14T18:23:24.841751+00:00", "symbol": "DOGE-USD"}, {"trade_id": 139008659, "side": "sell", "size": "204.70000000", "price": "0.19883000", "time": "2025-07-14T18:19:43.643896Z", "fetched_at": "2025-07-14T18:23:24.841751+00:00", "symbol": "DOGE-USD"}, {"trade_id": 139008658, "side": "sell", "size": "283.90000000", "price": "0.19883000", "time": "2025-07-14T18:19:43.643896Z", "fetched_at": "2025-07-14T18:23:24.841751+00:00", "symbol": "DOGE-USD"}, {"trade_id": 139008657, "side": "buy", "size": "5.60000000", "price": "0.19884000", "time": "2025-07-14T18:19:43.465696Z", "fetched_at": "2025-07-14T18:23:24.841751+00:00", "symbol": "DOGE-USD"}, {"trade_id": 139008656, "side": "sell", "size": "4.80000000", "price": "0.19890000", "time": "2025-07-14T18:19:40.999454Z", "fetched_at": "2025-07-14T18:23:24.841751+00:00", "symbol": "DOGE-USD"}, {"trade_id": 139008655, "side": "buy", "size": "113.20000000", "price": "0.19886000", "time": "2025-07-14T18:19:39.427702Z", "fetched_at": "2025-07-14T18:23:24.841751+00:00", "symbol": "DOGE-USD"}, {"trade_id": 139008654, "side": "buy", "size": "5.60000000", "price": "0.19886000", "time": "2025-07-14T18:19:39.427702Z", "fetched_at": "2025-07-14T18:23:24.841751+00:00", "symbol": "DOGE-USD"}, {"trade_id": 139008653, "side": "buy", "size": "5.80000000", "price": "0.19890000", "time": "2025-07-14T18:19:38.269994Z", "fetched_at": "2025-07-14T18:23:24.841751+00:00", "symbol": "DOGE-USD"}, {"trade_id": 139008652, "side": "sell", "size": "4737.90000000", "price": "0.19890000", "time": "2025-07-14T18:19:38.021005Z", "fetched_at": "2025-07-14T18:23:24.841751+00:00", "symbol": "DOGE-USD"}, {"trade_id": 139008651, "side": "sell", "size": "47.80000000", "price": "0.19890000", "time": "2025-07-14T18:19:38.021005Z", "fetched_at": "2025-07-14T18:23:24.841751+00:00", "symbol": "DOGE-USD"}, {"trade_id": 139008650, "side": "sell", "size": "97.70000000", "price": "0.19890000", "time": "2025-07-14T18:19:35.012512Z", "fetched_at": "2025-07-14T18:23:24.841751+00:00", "symbol": "DOGE-USD"}, {"trade_id": 139008649, "side": "buy", "size": "276.70000000", "price": "0.19886000", "time": "2025-07-14T18:19:31.210706Z", "fetched_at": "2025-07-14T18:23:24.841751+00:00", "symbol": "DOGE-USD"}, {"trade_id": 139008648, "side": "buy", "size": "5.40000000", "price": "0.19887000", "time": "2025-07-14T18:19:31.210706Z", "fetched_at": "2025-07-14T18:23:24.841751+00:00", "symbol": "DOGE-USD"}, {"trade_id": 139008647, "side": "buy", "size": "961.60000000", "price": "0.19888000", "time": "2025-07-14T18:19:29.989661Z", "fetched_at": "2025-07-14T18:23:24.841751+00:00", "symbol": "DOGE-USD"}, {"trade_id": 139008646, "side": "buy", "size": "1538.00000000", "price": "0.19888000", "time": "2025-07-14T18:19:29.989661Z", "fetched_at": "2025-07-14T18:23:24.841751+00:00", "symbol": "DOGE-USD"}, {"trade_id": 139008645, "side": "sell", "size": "99.50000000", "price": "0.19888000", "time": "2025-07-14T18:19:27.689180Z", "fetched_at": "2025-07-14T18:23:24.841751+00:00", "symbol": "DOGE-USD"}, {"trade_id": 139008644, "side": "sell", "size": "5.60000000", "price": "0.19888000", "time": "2025-07-14T18:19:27.689180Z", "fetched_at": "2025-07-14T18:23:24.841751+00:00", "symbol": "DOGE-USD"}, {"trade_id": 139008643, "side": "buy", "size": "10.10000000", "price": "0.19884000", "time": "2025-07-14T18:19:24.631845Z", "fetched_at": "2025-07-14T18:23:24.841751+00:00", "symbol": "DOGE-USD"}, {"trade_id": 139008642, "side": "buy", "size": "18196.40000000", "price": "0.19883000", "time": "2025-07-14T18:19:24.355961Z", "fetched_at": "2025-07-14T18:23:24.841751+00:00", "symbol": "DOGE-USD"}, {"trade_id": 139008641, "side": "buy", "size": "1547.00000000", "price": "0.19883000", "time": "2025-07-14T18:19:24.355961Z", "fetched_at": "2025-07-14T18:23:24.841751+00:00", "symbol": "DOGE-USD"}, {"trade_id": 139008640, "side": "buy", "size": "5.60000000", "price": "0.19884000", "time": "2025-07-14T18:19:24.355961Z", "fetched_at": "2025-07-14T18:23:24.841751+00:00", "symbol": "DOGE-USD"}, {"trade_id": 139008639, "side": "buy", "size": "5.60000000", "price": "0.19886000", "time": "2025-07-14T18:19:24.355961Z", "fetched_at": "2025-07-14T18:23:24.841751+00:00", "symbol": "DOGE-USD"}, {"trade_id": 139008638, "side": "buy", "size": "77.00000000", "price": "0.19887000", "time": "2025-07-14T18:19:22.712583Z", "fetched_at": "2025-07-14T18:23:24.841751+00:00", "symbol": "DOGE-USD"}, {"trade_id": 139008637, "side": "buy", "size": "6947.30000000", "price": "0.19887000", "time": "2025-07-14T18:19:22.712583Z", "fetched_at": "2025-07-14T18:23:24.841751+00:00", "symbol": "DOGE-USD"}, {"trade_id": 139008636, "side": "buy", "size": "810.00000000", "price": "0.19887000", "time": "2025-07-14T18:19:22.712583Z", "fetched_at": "2025-07-14T18:23:24.841751+00:00", "symbol": "DOGE-USD"}, {"trade_id": 139008635, "side": "buy", "size": "3111.00000000", "price": "0.19888000", "time": "2025-07-14T18:19:22.712583Z", "fetched_at": "2025-07-14T18:23:24.841751+00:00", "symbol": "DOGE-USD"}, {"trade_id": 139008634, "side": "buy", "size": "1547.00000000", "price": "0.19888000", "time": "2025-07-14T18:19:22.712583Z", "fetched_at": "2025-07-14T18:23:24.841751+00:00", "symbol": "DOGE-USD"}, {"trade_id": 139008633, "side": "buy", "size": "1517.90000000", "price": "0.19888000", "time": "2025-07-14T18:19:22.712583Z", "fetched_at": "2025-07-14T18:23:24.841751+00:00", "symbol": "DOGE-USD"}, {"trade_id": 139008632, "side": "buy", "size": "5.60000000", "price": "0.19888000", "time": "2025-07-14T18:19:22.712583Z", "fetched_at": "2025-07-14T18:23:24.841751+00:00", "symbol": "DOGE-USD"}, {"trade_id": 139008631, "side": "buy", "size": "6.10000000", "price": "0.19889000", "time": "2025-07-14T18:19:22.712583Z", "fetched_at": "2025-07-14T18:23:24.841751+00:00", "symbol": "DOGE-USD"}, {"trade_id": 139008630, "side": "buy", "size": "700.00000000", "price": "0.19889000", "time": "2025-07-14T18:19:22.712583Z", "fetched_at": "2025-07-14T18:23:24.841751+00:00", "symbol": "DOGE-USD"}, {"trade_id": 139008629, "side": "buy", "size": "286.20000000", "price": "0.19890000", "time": "2025-07-14T18:19:22.712583Z", "fetched_at": "2025-07-14T18:23:24.841751+00:00", "symbol": "DOGE-USD"}, {"trade_id": 139008628, "side": "sell", "size": "101.50000000", "price": "0.19891000", "time": "2025-07-14T18:19:22.251760Z", "fetched_at": "2025-07-14T18:23:24.841751+00:00", "symbol": "DOGE-USD"}, {"trade_id": 139008627, "side": "sell", "size": "47.80000000", "price": "0.19890000", "time": "2025-07-14T18:19:22.251760Z", "fetched_at": "2025-07-14T18:23:24.841751+00:00", "symbol": "DOGE-USD"}, {"trade_id": 139008626, "side": "buy", "size": "15.10000000", "price": "0.19890000", "time": "2025-07-14T18:19:18.579242Z", "fetched_at": "2025-07-14T18:23:24.841751+00:00", "symbol": "DOGE-USD"}, {"trade_id": 139008625, "side": "buy", "size": "203.90000000", "price": "0.19890000", "time": "2025-07-14T18:19:18.140375Z", "fetched_at": "2025-07-14T18:23:24.841751+00:00", "symbol": "DOGE-USD"}, {"trade_id": 139008624, "side": "buy", "size": "286.20000000", "price": "0.19891000", "time": "2025-07-14T18:19:18.140375Z", "fetched_at": "2025-07-14T18:23:24.841751+00:00", "symbol": "DOGE-USD"}, {"trade_id": 139008623, "side": "buy", "size": "5.60000000", "price": "0.19890000", "time": "2025-07-14T18:19:15.189281Z", "fetched_at": "2025-07-14T18:23:24.841751+00:00", "symbol": "DOGE-USD"}, {"trade_id": 139008622, "side": "buy", "size": "399.30000000", "price": "0.19891000", "time": "2025-07-14T18:19:15.174998Z", "fetched_at": "2025-07-14T18:23:24.841751+00:00", "symbol": "DOGE-USD"}, {"trade_id": 139008621, "side": "buy", "size": "52.90000000", "price": "0.19893000", "time": "2025-07-14T18:19:14.828474Z", "fetched_at": "2025-07-14T18:23:24.841751+00:00", "symbol": "DOGE-USD"}, {"trade_id": 139008620, "side": "buy", "size": "47.10000000", "price": "0.19891000", "time": "2025-07-14T18:19:14.280364Z", "fetched_at": "2025-07-14T18:23:24.841751+00:00", "symbol": "DOGE-USD"}, {"trade_id": 139008619, "side": "buy", "size": "5.30000000", "price": "0.19893000", "time": "2025-07-14T18:19:14.065805Z", "fetched_at": "2025-07-14T18:23:24.841751+00:00", "symbol": "DOGE-USD"}, {"trade_id": 139008618, "side": "sell", "size": "5.40000000", "price": "0.19896000", "time": "2025-07-14T18:19:11.701681Z", "fetched_at": "2025-07-14T18:23:24.841751+00:00", "symbol": "DOGE-USD"}, {"trade_id": 139008617, "side": "buy", "size": "5.60000000", "price": "0.19890000", "time": "2025-07-14T18:19:07.868723Z", "fetched_at": "2025-07-14T18:23:24.841751+00:00", "symbol": "DOGE-USD"}, {"trade_id": 139008616, "side": "buy", "size": "260.50000000", "price": "0.19891000", "time": "2025-07-14T18:19:07.745691Z", "fetched_at": "2025-07-14T18:23:24.841751+00:00", "symbol": "DOGE-USD"}, {"trade_id": 139008615, "side": "buy", "size": "45.30000000", "price": "0.19891000", "time": "2025-07-14T18:19:07.703180Z", "fetched_at": "2025-07-14T18:23:24.841751+00:00", "symbol": "DOGE-USD"}, {"trade_id": 139008614, "side": "sell", "size": "141.80000000", "price": "0.19892000", "time": "2025-07-14T18:19:07.118038Z", "fetched_at": "2025-07-14T18:23:24.841751+00:00", "symbol": "DOGE-USD"}, {"trade_id": 139008613, "side": "buy", "size": "104.90000000", "price": "0.19891000", "time": "2025-07-14T18:19:04.935086Z", "fetched_at": "2025-07-14T18:23:24.841751+00:00", "symbol": "DOGE-USD"}, {"trade_id": 139008612, "side": "buy", "size": "5.30000000", "price": "0.19892000", "time": "2025-07-14T18:19:04.935086Z", "fetched_at": "2025-07-14T18:23:24.841751+00:00", "symbol": "DOGE-USD"}, {"trade_id": 139008611, "side": "buy", "size": "5.60000000", "price": "0.19892000", "time": "2025-07-14T18:19:04.935086Z", "fetched_at": "2025-07-14T18:23:24.841751+00:00", "symbol": "DOGE-USD"}, {"trade_id": 139008610, "side": "buy", "size": "5.60000000", "price": "0.19894000", "time": "2025-07-14T18:19:04.238607Z", "fetched_at": "2025-07-14T18:23:24.841751+00:00", "symbol": "DOGE-USD"}, {"trade_id": 139008609, "side": "sell", "size": "1317.60000000", "price": "0.19895000", "time": "2025-07-14T18:19:00.667770Z", "fetched_at": "2025-07-14T18:23:24.841751+00:00", "symbol": "DOGE-USD"}, {"trade_id": 139008608, "side": "sell", "size": "700.00000000", "price": "0.19895000", "time": "2025-07-14T18:19:00.667770Z", "fetched_at": "2025-07-14T18:23:24.841751+00:00", "symbol": "DOGE-USD"}, {"trade_id": 139008607, "side": "sell", "size": "288.60000000", "price": "0.19895000", "time": "2025-07-14T18:19:00.667770Z", "fetched_at": "2025-07-14T18:23:24.841751+00:00", "symbol": "DOGE-USD"}, {"trade_id": 139008606, "side": "sell", "size": "1338.70000000", "price": "0.19895000", "time": "2025-07-14T18:19:00.667770Z", "fetched_at": "2025-07-14T18:23:24.841751+00:00", "symbol": "DOGE-USD"}, {"trade_id": 139008605, "side": "sell", "size": "283.90000000", "price": "0.19895000", "time": "2025-07-14T18:19:00.667770Z", "fetched_at": "2025-07-14T18:23:24.841751+00:00", "symbol": "DOGE-USD"}, {"trade_id": 139008604, "side": "buy", "size": "5.60000000", "price": "0.19896000", "time": "2025-07-14T18:19:00.462739Z", "fetched_at": "2025-07-14T18:23:24.841751+00:00", "symbol": "DOGE-USD"}, {"trade_id": 139008603, "side": "sell", "size": "143.00000000", "price": "0.19900000", "time": "2025-07-14T18:18:56.268307Z", "fetched_at": "2025-07-14T18:23:24.841751+00:00", "symbol": "DOGE-USD"}, {"trade_id": 139008602, "side": "buy", "size": "6.00000000", "price": "0.19902000", "time": "2025-07-14T18:18:54.030116Z", "fetched_at": "2025-07-14T18:23:24.841751+00:00", "symbol": "DOGE-USD"}, {"trade_id": 139008601, "side": "buy", "size": "1303.40000000", "price": "0.19902000", "time": "2025-07-14T18:18:54.030116Z", "fetched_at": "2025-07-14T18:23:24.841751+00:00", "symbol": "DOGE-USD"}, {"trade_id": 139008600, "side": "buy", "size": "286.20000000", "price": "0.19903000", "time": "2025-07-14T18:18:54.030116Z", "fetched_at": "2025-07-14T18:23:24.841751+00:00", "symbol": "DOGE-USD"}, {"trade_id": 139008599, "side": "sell", "size": "238.40000000", "price": "0.19904000", "time": "2025-07-14T18:18:53.395171Z", "fetched_at": "2025-07-14T18:23:24.841751+00:00", "symbol": "DOGE-USD"}, {"trade_id": 139008598, "side": "sell", "size": "177.90000000", "price": "0.19905000", "time": "2025-07-14T18:18:53.389894Z", "fetched_at": "2025-07-14T18:23:24.841751+00:00", "symbol": "DOGE-USD"}, {"trade_id": 139008597, "side": "sell", "size": "10000.00000000", "price": "0.19904000", "time": "2025-07-14T18:18:53.389843Z", "fetched_at": "2025-07-14T18:23:24.841751+00:00", "symbol": "DOGE-USD"}, {"trade_id": 139008596, "side": "sell", "size": "11714.00000000", "price": "0.19904000", "time": "2025-07-14T18:18:53.389843Z", "fetched_at": "2025-07-14T18:23:24.841751+00:00", "symbol": "DOGE-USD"}, {"trade_id": 139008595, "side": "sell", "size": "6494.30000000", "price": "0.19904000", "time": "2025-07-14T18:18:53.389748Z", "fetched_at": "2025-07-14T18:23:24.841751+00:00", "symbol": "DOGE-USD"}, {"trade_id": 139008594, "side": "sell", "size": "810.00000000", "price": "0.19904000", "time": "2025-07-14T18:18:53.389748Z", "fetched_at": "2025-07-14T18:23:24.841751+00:00", "symbol": "DOGE-USD"}, {"trade_id": 139008593, "side": "sell", "size": "2677.80000000", "price": "0.19904000", "time": "2025-07-14T18:18:53.389748Z", "fetched_at": "2025-07-14T18:23:24.841751+00:00", "symbol": "DOGE-USD"}, {"trade_id": 139008592, "side": "sell", "size": "1547.00000000", "price": "0.19904000", "time": "2025-07-14T18:18:53.389748Z", "fetched_at": "2025-07-14T18:23:24.841751+00:00", "symbol": "DOGE-USD"}, {"trade_id": 139008591, "side": "sell", "size": "0.10000000", "price": "0.19904000", "time": "2025-07-14T18:18:53.389748Z", "fetched_at": "2025-07-14T18:23:24.841751+00:00", "symbol": "DOGE-USD"}, {"trade_id": 139008590, "side": "sell", "size": "6213.60000000", "price": "0.19903000", "time": "2025-07-14T18:18:53.388205Z", "fetched_at": "2025-07-14T18:23:24.841751+00:00", "symbol": "DOGE-USD"}, {"trade_id": 139008589, "side": "sell", "size": "10349.20000000", "price": "0.19903000", "time": "2025-07-14T18:18:53.388205Z", "fetched_at": "2025-07-14T18:23:24.841751+00:00", "symbol": "DOGE-USD"}, {"trade_id": 139008588, "side": "sell", "size": "3058.70000000", "price": "0.19903000", "time": "2025-07-14T18:18:53.388205Z", "fetched_at": "2025-07-14T18:23:24.841751+00:00", "symbol": "DOGE-USD"}, {"trade_id": 139008587, "side": "sell", "size": "1547.00000000", "price": "0.19903000", "time": "2025-07-14T18:18:53.388205Z", "fetched_at": "2025-07-14T18:23:24.841751+00:00", "symbol": "DOGE-USD"}, {"trade_id": 139008586, "side": "sell", "size": "5.60000000", "price": "0.19902000", "time": "2025-07-14T18:18:53.388116Z", "fetched_at": "2025-07-14T18:23:24.841751+00:00", "symbol": "DOGE-USD"}, {"trade_id": 139008585, "side": "sell", "size": "1983.00000000", "price": "0.19901000", "time": "2025-07-14T18:18:53.386801Z", "fetched_at": "2025-07-14T18:23:24.841751+00:00", "symbol": "DOGE-USD"}, {"trade_id": 139008584, "side": "sell", "size": "4423.40000000", "price": "0.19901000", "time": "2025-07-14T18:18:53.386801Z", "fetched_at": "2025-07-14T18:23:24.841751+00:00", "symbol": "DOGE-USD"}, {"trade_id": 139008583, "side": "sell", "size": "1547.00000000", "price": "0.19901000", "time": "2025-07-14T18:18:53.386801Z", "fetched_at": "2025-07-14T18:23:24.841751+00:00", "symbol": "DOGE-USD"}, {"trade_id": 139008582, "side": "sell", "size": "810.00000000", "price": "0.19901000", "time": "2025-07-14T18:18:53.386801Z", "fetched_at": "2025-07-14T18:23:24.841751+00:00", "symbol": "DOGE-USD"}, {"trade_id": 139008581, "side": "sell", "size": "44.00000000", "price": "0.19900000", "time": "2025-07-14T18:18:53.386801Z", "fetched_at": "2025-07-14T18:23:24.841751+00:00", "symbol": "DOGE-USD"}, {"trade_id": 139008580, "side": "buy", "size": "5.60000000", "price": "0.19898000", "time": "2025-07-14T18:18:52.926878Z", "fetched_at": "2025-07-14T18:23:24.841751+00:00", "symbol": "DOGE-USD"}, {"trade_id": 139008579, "side": "buy", "size": "1547.00000000", "price": "0.19899000", "time": "2025-07-14T18:18:52.705233Z", "fetched_at": "2025-07-14T18:23:24.841751+00:00", "symbol": "DOGE-USD"}, {"trade_id": 139008578, "side": "buy", "size": "18213.50000000", "price": "0.19899000", "time": "2025-07-14T18:18:52.705233Z", "fetched_at": "2025-07-14T18:23:24.841751+00:00", "symbol": "DOGE-USD"}, {"trade_id": 139008577, "side": "buy", "size": "8882.10000000", "price": "0.19900000", "time": "2025-07-14T18:18:52.702774Z", "fetched_at": "2025-07-14T18:23:24.841751+00:00", "symbol": "DOGE-USD"}, {"trade_id": 139008576, "side": "buy", "size": "3930.60000000", "price": "0.19900000", "time": "2025-07-14T18:18:52.702774Z", "fetched_at": "2025-07-14T18:23:24.841751+00:00", "symbol": "DOGE-USD"}, {"trade_id": 139008575, "side": "buy", "size": "1547.00000000", "price": "0.19900000", "time": "2025-07-14T18:18:52.702774Z", "fetched_at": "2025-07-14T18:23:24.841751+00:00", "symbol": "DOGE-USD"}, {"trade_id": 139008574, "side": "buy", "size": "6.10000000", "price": "0.19901000", "time": "2025-07-14T18:18:52.702774Z", "fetched_at": "2025-07-14T18:23:24.841751+00:00", "symbol": "DOGE-USD"}, {"trade_id": 139008573, "side": "buy", "size": "1.90000000", "price": "0.19902000", "time": "2025-07-14T18:18:52.639361Z", "fetched_at": "2025-07-14T18:23:24.841751+00:00", "symbol": "DOGE-USD"}, {"trade_id": 139008572, "side": "sell", "size": "5.50000000", "price": "0.19904000", "time": "2025-07-14T18:18:50.502795Z", "fetched_at": "2025-07-14T18:23:24.841751+00:00", "symbol": "DOGE-USD"}, {"trade_id": 139008571, "side": "sell", "size": "5.60000000", "price": "0.19900000", "time": "2025-07-14T18:18:49.497613Z", "fetched_at": "2025-07-14T18:23:24.841751+00:00", "symbol": "DOGE-USD"}, {"trade_id": 139008570, "side": "buy", "size": "122.90000000", "price": "0.19899000", "time": "2025-07-14T18:18:48.248629Z", "fetched_at": "2025-07-14T18:23:24.841751+00:00", "symbol": "DOGE-USD"}, {"trade_id": 139008569, "side": "sell", "size": "5.60000000", "price": "0.19898000", "time": "2025-07-14T18:18:42.215365Z", "fetched_at": "2025-07-14T18:23:24.841751+00:00", "symbol": "DOGE-USD"}, {"trade_id": 139008568, "side": "sell", "size": "5.60000000", "price": "0.19896000", "time": "2025-07-14T18:18:42.006628Z", "fetched_at": "2025-07-14T18:23:24.841751+00:00", "symbol": "DOGE-USD"}, {"trade_id": 139008567, "side": "sell", "size": "5.60000000", "price": "0.19894000", "time": "2025-07-14T18:18:41.954377Z", "fetched_at": "2025-07-14T18:23:24.841751+00:00", "symbol": "DOGE-USD"}, {"trade_id": 139008566, "side": "sell", "size": "5.60000000", "price": "0.19892000", "time": "2025-07-14T18:18:41.578993Z", "fetched_at": "2025-07-14T18:23:24.841751+00:00", "symbol": "DOGE-USD"}, {"trade_id": 139008565, "side": "sell", "size": "5.60000000", "price": "0.19890000", "time": "2025-07-14T18:18:39.538820Z", "fetched_at": "2025-07-14T18:23:24.841751+00:00", "symbol": "DOGE-USD"}, {"trade_id": 139008564, "side": "sell", "size": "5.60000000", "price": "0.19888000", "time": "2025-07-14T18:18:39.442545Z", "fetched_at": "2025-07-14T18:23:24.841751+00:00", "symbol": "DOGE-USD"}, {"trade_id": 139008563, "side": "sell", "size": "5.60000000", "price": "0.19886000", "time": "2025-07-14T18:18:38.845341Z", "fetched_at": "2025-07-14T18:23:24.841751+00:00", "symbol": "DOGE-USD"}, {"trade_id": 139008562, "side": "sell", "size": "5.60000000", "price": "0.19884000", "time": "2025-07-14T18:18:38.591970Z", "fetched_at": "2025-07-14T18:23:24.841751+00:00", "symbol": "DOGE-USD"}, {"trade_id": 139008561, "side": "sell", "size": "689.60000000", "price": "0.19883000", "time": "2025-07-14T18:18:38.591970Z", "fetched_at": "2025-07-14T18:23:24.841751+00:00", "symbol": "DOGE-USD"}, {"trade_id": 139008560, "side": "sell", "size": "5.60000000", "price": "0.19882000", "time": "2025-07-14T18:18:37.768765Z", "fetched_at": "2025-07-14T18:23:24.841751+00:00", "symbol": "DOGE-USD"}, {"trade_id": 139008559, "side": "sell", "size": "5.60000000", "price": "0.19880000", "time": "2025-07-14T18:18:37.497571Z", "fetched_at": "2025-07-14T18:23:24.841751+00:00", "symbol": "DOGE-USD"}, {"trade_id": 139008558, "side": "sell", "size": "5.60000000", "price": "0.19878000", "time": "2025-07-14T18:18:37.461533Z", "fetched_at": "2025-07-14T18:23:24.841751+00:00", "symbol": "DOGE-USD"}, {"trade_id": 139008557, "side": "sell", "size": "5.60000000", "price": "0.19876000", "time": "2025-07-14T18:18:36.019558Z", "fetched_at": "2025-07-14T18:23:24.841751+00:00", "symbol": "DOGE-USD"}, {"trade_id": 139008556, "side": "sell", "size": "5.60000000", "price": "0.19874000", "time": "2025-07-14T18:18:35.975464Z", "fetched_at": "2025-07-14T18:23:24.841751+00:00", "symbol": "DOGE-USD"}, {"trade_id": 139008555, "side": "sell", "size": "5.60000000", "price": "0.19872000", "time": "2025-07-14T18:18:35.411156Z", "fetched_at": "2025-07-14T18:23:24.841751+00:00", "symbol": "DOGE-USD"}, {"trade_id": 139008554, "side": "buy", "size": "1250.50000000", "price": "0.19871000", "time": "2025-07-14T18:18:33.762206Z", "fetched_at": "2025-07-14T18:23:24.841751+00:00", "symbol": "DOGE-USD"}, {"trade_id": 139008553, "side": "buy", "size": "183.00000000", "price": "0.19871000", "time": "2025-07-14T18:18:33.762206Z", "fetched_at": "2025-07-14T18:23:24.841751+00:00", "symbol": "DOGE-USD"}, {"trade_id": 139008552, "side": "buy", "size": "425.80000000", "price": "0.19871000", "time": "2025-07-14T18:18:33.762206Z", "fetched_at": "2025-07-14T18:23:24.841751+00:00", "symbol": "DOGE-USD"}, {"trade_id": 139008551, "side": "buy", "size": "286.20000000", "price": "0.19871000", "time": "2025-07-14T18:18:33.762206Z", "fetched_at": "2025-07-14T18:23:24.841751+00:00", "symbol": "DOGE-USD"}, {"trade_id": 139008550, "side": "sell", "size": "5.60000000", "price": "0.19870000", "time": "2025-07-14T18:18:33.261319Z", "fetched_at": "2025-07-14T18:23:24.841751+00:00", "symbol": "DOGE-USD"}, {"trade_id": 139008549, "side": "sell", "size": "1441.10000000", "price": "0.19869000", "time": "2025-07-14T18:18:33.257297Z", "fetched_at": "2025-07-14T18:23:24.841751+00:00", "symbol": "DOGE-USD"}, {"trade_id": 139008548, "side": "sell", "size": "5.60000000", "price": "0.19868000", "time": "2025-07-14T18:18:33.198101Z", "fetched_at": "2025-07-14T18:23:24.841751+00:00", "symbol": "DOGE-USD"}, {"trade_id": 139008547, "side": "sell", "size": "5.60000000", "price": "0.19866000", "time": "2025-07-14T18:18:33.012399Z", "fetched_at": "2025-07-14T18:23:24.841751+00:00", "symbol": "DOGE-USD"}, {"trade_id": 139008546, "side": "sell", "size": "7649.30000000", "price": "0.19866000", "time": "2025-07-14T18:18:33.007506Z", "fetched_at": "2025-07-14T18:23:24.841751+00:00", "symbol": "DOGE-USD"}, {"trade_id": 139008545, "side": "sell", "size": "10000.00000000", "price": "0.19864000", "time": "2025-07-14T18:18:31.427307Z", "fetched_at": "2025-07-14T18:23:24.841751+00:00", "symbol": "DOGE-USD"}, {"trade_id": 139008544, "side": "sell", "size": "47.80000000", "price": "0.19863000", "time": "2025-07-14T18:18:31.427307Z", "fetched_at": "2025-07-14T18:23:24.841751+00:00", "symbol": "DOGE-USD"}, {"trade_id": 139008543, "side": "sell", "size": "1.20000000", "price": "0.19863000", "time": "2025-07-14T18:18:29.393321Z", "fetched_at": "2025-07-14T18:23:24.841751+00:00", "symbol": "DOGE-USD"}, {"trade_id": 139008542, "side": "buy", "size": "228.00000000", "price": "0.19858000", "time": "2025-07-14T18:18:29.042213Z", "fetched_at": "2025-07-14T18:23:24.841751+00:00", "symbol": "DOGE-USD"}, {"trade_id": 139008541, "side": "sell", "size": "49.80000000", "price": "0.19861000", "time": "2025-07-14T18:18:28.729883Z", "fetched_at": "2025-07-14T18:23:24.841751+00:00", "symbol": "DOGE-USD"}, {"trade_id": 139008540, "side": "buy", "size": "308.90000000", "price": "0.19859000", "time": "2025-07-14T18:18:28.216602Z", "fetched_at": "2025-07-14T18:23:24.841751+00:00", "symbol": "DOGE-USD"}, {"trade_id": 139008539, "side": "buy", "size": "286.20000000", "price": "0.19862000", "time": "2025-07-14T18:18:28.216602Z", "fetched_at": "2025-07-14T18:23:24.841751+00:00", "symbol": "DOGE-USD"}, {"trade_id": 139008538, "side": "buy", "size": "28.00000000", "price": "0.19862000", "time": "2025-07-14T18:18:27.106317Z", "fetched_at": "2025-07-14T18:23:24.841751+00:00", "symbol": "DOGE-USD"}, {"trade_id": 139008537, "side": "sell", "size": "1.00000000", "price": "0.19864000", "time": "2025-07-14T18:18:26.752656Z", "fetched_at": "2025-07-14T18:23:24.841751+00:00", "symbol": "DOGE-USD"}, {"trade_id": 139008536, "side": "buy", "size": "4473.70000000", "price": "0.19856000", "time": "2025-07-14T18:18:25.046944Z", "fetched_at": "2025-07-14T18:23:24.841751+00:00", "symbol": "DOGE-USD"}, {"trade_id": 139008535, "side": "buy", "size": "2150.20000000", "price": "0.19856000", "time": "2025-07-14T18:18:25.046944Z", "fetched_at": "2025-07-14T18:23:24.841751+00:00", "symbol": "DOGE-USD"}, {"trade_id": 139008534, "side": "buy", "size": "1547.00000000", "price": "0.19856000", "time": "2025-07-14T18:18:25.046944Z", "fetched_at": "2025-07-14T18:23:24.841751+00:00", "symbol": "DOGE-USD"}, {"trade_id": 139008533, "side": "buy", "size": "5.60000000", "price": "0.19856000", "time": "2025-07-14T18:18:25.046944Z", "fetched_at": "2025-07-14T18:23:24.841751+00:00", "symbol": "DOGE-USD"}, {"trade_id": 139008532, "side": "buy", "size": "810.00000000", "price": "0.19857000", "time": "2025-07-14T18:18:25.046944Z", "fetched_at": "2025-07-14T18:23:24.841751+00:00", "symbol": "DOGE-USD"}, {"trade_id": 139008531, "side": "buy", "size": "700.00000000", "price": "0.19862000", "time": "2025-07-14T18:18:25.046299Z", "fetched_at": "2025-07-14T18:23:24.841751+00:00", "symbol": "DOGE-USD"}, {"trade_id": 139008530, "side": "buy", "size": "700.00000000", "price": "0.19865000", "time": "2025-07-14T18:18:25.045467Z", "fetched_at": "2025-07-14T18:23:24.841751+00:00", "symbol": "DOGE-USD"}, {"trade_id": 139008529, "side": "buy", "size": "5.60000000", "price": "0.19858000", "time": "2025-07-14T18:18:25.044114Z", "fetched_at": "2025-07-14T18:23:24.841751+00:00", "symbol": "DOGE-USD"}, {"trade_id": 139008528, "side": "buy", "size": "10000.00000000", "price": "0.19858000", "time": "2025-07-14T18:18:25.044114Z", "fetched_at": "2025-07-14T18:23:24.841751+00:00", "symbol": "DOGE-USD"}, {"trade_id": 139008527, "side": "buy", "size": "3014.90000000", "price": "0.19858000", "time": "2025-07-14T18:18:25.044114Z", "fetched_at": "2025-07-14T18:23:24.841751+00:00", "symbol": "DOGE-USD"}, {"trade_id": 139008526, "side": "buy", "size": "810.00000000", "price": "0.19859000", "time": "2025-07-14T18:18:25.044114Z", "fetched_at": "2025-07-14T18:23:24.841751+00:00", "symbol": "DOGE-USD"}, {"trade_id": 139008525, "side": "buy", "size": "5.60000000", "price": "0.19860000", "time": "2025-07-14T18:18:25.043566Z", "fetched_at": "2025-07-14T18:23:24.841751+00:00", "symbol": "DOGE-USD"}, {"trade_id": 139008524, "side": "buy", "size": "1314.40000000", "price": "0.19861000", "time": "2025-07-14T18:18:25.043293Z", "fetched_at": "2025-07-14T18:23:24.841751+00:00", "symbol": "DOGE-USD"}, {"trade_id": 139008523, "side": "buy", "size": "1968.00000000", "price": "0.19861000", "time": "2025-07-14T18:18:25.043293Z", "fetched_at": "2025-07-14T18:23:24.841751+00:00", "symbol": "DOGE-USD"}, {"trade_id": 139008522, "side": "buy", "size": "810.00000000", "price": "0.19861000", "time": "2025-07-14T18:18:25.043293Z", "fetched_at": "2025-07-14T18:23:24.841751+00:00", "symbol": "DOGE-USD"}, {"trade_id": 139008521, "side": "buy", "size": "5.60000000", "price": "0.19862000", "time": "2025-07-14T18:18:25.042676Z", "fetched_at": "2025-07-14T18:23:24.841751+00:00", "symbol": "DOGE-USD"}, {"trade_id": 139008520, "side": "buy", "size": "973.70000000", "price": "0.19864000", "time": "2025-07-14T18:18:25.042329Z", "fetched_at": "2025-07-14T18:23:24.841751+00:00", "symbol": "DOGE-USD"}, {"trade_id": 139008519, "side": "buy", "size": "810.00000000", "price": "0.19864000", "time": "2025-07-14T18:18:25.042329Z", "fetched_at": "2025-07-14T18:23:24.841751+00:00", "symbol": "DOGE-USD"}, {"trade_id": 139008518, "side": "buy", "size": "5.60000000", "price": "0.19864000", "time": "2025-07-14T18:18:25.042329Z", "fetched_at": "2025-07-14T18:23:24.841751+00:00", "symbol": "DOGE-USD"}, {"trade_id": 139008517, "side": "buy", "size": "5.60000000", "price": "0.19866000", "time": "2025-07-14T18:18:25.042246Z", "fetched_at": "2025-07-14T18:23:24.841751+00:00", "symbol": "DOGE-USD"}, {"trade_id": 139008516, "side": "buy", "size": "5.60000000", "price": "0.19868000", "time": "2025-07-14T18:18:25.042246Z", "fetched_at": "2025-07-14T18:23:24.841751+00:00", "symbol": "DOGE-USD"}, {"trade_id": 139008515, "side": "buy", "size": "5.60000000", "price": "0.19870000", "time": "2025-07-14T18:18:24.421484Z", "fetched_at": "2025-07-14T18:23:24.841751+00:00", "symbol": "DOGE-USD"}, {"trade_id": 139008514, "side": "sell", "size": "4.90000000", "price": "0.19876000", "time": "2025-07-14T18:18:20.409858Z", "fetched_at": "2025-07-14T18:23:24.841751+00:00", "symbol": "DOGE-USD"}, {"trade_id": 139008513, "side": "buy", "size": "18240.10000000", "price": "0.19875000", "time": "2025-07-14T18:18:19.203532Z", "fetched_at": "2025-07-14T18:23:24.841751+00:00", "symbol": "DOGE-USD"}, {"trade_id": 139008512, "side": "buy", "size": "436.60000000", "price": "0.19881000", "time": "2025-07-14T18:18:16.571729Z", "fetched_at": "2025-07-14T18:23:24.841751+00:00", "symbol": "DOGE-USD"}, {"trade_id": 139008511, "side": "sell", "size": "24.80000000", "price": "0.19886000", "time": "2025-07-14T18:18:09.997422Z", "fetched_at": "2025-07-14T18:23:24.841751+00:00", "symbol": "DOGE-USD"}, {"trade_id": 139008510, "side": "sell", "size": "660.60000000", "price": "0.19885000", "time": "2025-07-14T18:18:09.997422Z", "fetched_at": "2025-07-14T18:23:24.841751+00:00", "symbol": "DOGE-USD"}, {"trade_id": 139008509, "side": "sell", "size": "47.80000000", "price": "0.19885000", "time": "2025-07-14T18:18:09.997422Z", "fetched_at": "2025-07-14T18:23:24.841751+00:00", "symbol": "DOGE-USD"}, {"trade_id": 139008508, "side": "buy", "size": "151.20000000", "price": "0.19882000", "time": "2025-07-14T18:18:09.327320Z", "fetched_at": "2025-07-14T18:23:24.841751+00:00", "symbol": "DOGE-USD"}, {"trade_id": 139008507, "side": "sell", "size": "896.00000000", "price": "0.19884000", "time": "2025-07-14T18:18:09.181226Z", "fetched_at": "2025-07-14T18:23:24.841751+00:00", "symbol": "DOGE-USD"}, {"trade_id": 139008506, "side": "sell", "size": "1547.00000000", "price": "0.19884000", "time": "2025-07-14T18:18:09.181226Z", "fetched_at": "2025-07-14T18:23:24.841751+00:00", "symbol": "DOGE-USD"}, {"trade_id": 139008505, "side": "sell", "size": "90.60000000", "price": "0.19885000", "time": "2025-07-14T18:18:05.833938Z", "fetched_at": "2025-07-14T18:23:24.841751+00:00", "symbol": "DOGE-USD"}, {"trade_id": 139008504, "side": "sell", "size": "39.40000000", "price": "0.19885000", "time": "2025-07-14T18:18:05.685158Z", "fetched_at": "2025-07-14T18:23:24.841751+00:00", "symbol": "DOGE-USD"}, {"trade_id": 139008503, "side": "sell", "size": "1426.90000000", "price": "0.19885000", "time": "2025-07-14T18:18:05.685158Z", "fetched_at": "2025-07-14T18:23:24.841751+00:00", "symbol": "DOGE-USD"}, {"trade_id": 139008502, "side": "sell", "size": "5.60000000", "price": "0.19890000", "time": "2025-07-14T18:18:03.601630Z", "fetched_at": "2025-07-14T18:23:24.841751+00:00", "symbol": "DOGE-USD"}, {"trade_id": 139008501, "side": "sell", "size": "4453.00000000", "price": "0.19888000", "time": "2025-07-14T18:18:03.440018Z", "fetched_at": "2025-07-14T18:23:24.841751+00:00", "symbol": "DOGE-USD"}, {"trade_id": 139008500, "side": "sell", "size": "1547.00000000", "price": "0.19888000", "time": "2025-07-14T18:18:03.440018Z", "fetched_at": "2025-07-14T18:23:24.841751+00:00", "symbol": "DOGE-USD"}, {"trade_id": 139008499, "side": "sell", "size": "2000.00000000", "price": "0.19888000", "time": "2025-07-14T18:18:03.440018Z", "fetched_at": "2025-07-14T18:23:24.841751+00:00", "symbol": "DOGE-USD"}, {"trade_id": 139008498, "side": "sell", "size": "5.60000000", "price": "0.19888000", "time": "2025-07-14T18:18:03.440018Z", "fetched_at": "2025-07-14T18:23:24.841751+00:00", "symbol": "DOGE-USD"}