[{"trade_id": 138979785, "side": "sell", "size": "11.60000000", "price": "0.20140000", "time": "2025-07-14T14:39:29.220719Z", "fetched_at": "2025-07-14T14:39:31.847893+00:00", "symbol": "DOGE-USD"}, {"trade_id": 138979784, "side": "buy", "size": "5.50000000", "price": "0.20136000", "time": "2025-07-14T14:39:29.014708Z", "fetched_at": "2025-07-14T14:39:31.847893+00:00", "symbol": "DOGE-USD"}, {"trade_id": 138979783, "side": "buy", "size": "5.50000000", "price": "0.20138000", "time": "2025-07-14T14:39:29.003679Z", "fetched_at": "2025-07-14T14:39:31.847893+00:00", "symbol": "DOGE-USD"}, {"trade_id": 138979782, "side": "buy", "size": "6.20000000", "price": "0.20138000", "time": "2025-07-14T14:39:29.003679Z", "fetched_at": "2025-07-14T14:39:31.847893+00:00", "symbol": "DOGE-USD"}, {"trade_id": 138979781, "side": "buy", "size": "5.50000000", "price": "0.20140000", "time": "2025-07-14T14:39:28.886416Z", "fetched_at": "2025-07-14T14:39:31.847893+00:00", "symbol": "DOGE-USD"}, {"trade_id": 138979780, "side": "buy", "size": "6911.00000000", "price": "0.20140000", "time": "2025-07-14T14:39:28.886416Z", "fetched_at": "2025-07-14T14:39:31.847893+00:00", "symbol": "DOGE-USD"}, {"trade_id": 138979779, "side": "buy", "size": "5.50000000", "price": "0.20142000", "time": "2025-07-14T14:39:28.462096Z", "fetched_at": "2025-07-14T14:39:31.847893+00:00", "symbol": "DOGE-USD"}, {"trade_id": 138979778, "side": "buy", "size": "579.00000000", "price": "0.20143000", "time": "2025-07-14T14:39:28.258396Z", "fetched_at": "2025-07-14T14:39:31.847893+00:00", "symbol": "DOGE-USD"}, {"trade_id": 138979777, "side": "buy", "size": "5.50000000", "price": "0.20144000", "time": "2025-07-14T14:39:28.221924Z", "fetched_at": "2025-07-14T14:39:31.847893+00:00", "symbol": "DOGE-USD"}, {"trade_id": 138979776, "side": "buy", "size": "5.50000000", "price": "0.20146000", "time": "2025-07-14T14:39:27.418899Z", "fetched_at": "2025-07-14T14:39:31.847893+00:00", "symbol": "DOGE-USD"}, {"trade_id": 138979775, "side": "buy", "size": "3.70000000", "price": "0.20147000", "time": "2025-07-14T14:39:27.414904Z", "fetched_at": "2025-07-14T14:39:31.847893+00:00", "symbol": "DOGE-USD"}, {"trade_id": 138979774, "side": "buy", "size": "223.80000000", "price": "0.20145000", "time": "2025-07-14T14:39:24.810183Z", "fetched_at": "2025-07-14T14:39:31.847893+00:00", "symbol": "DOGE-USD"}, {"trade_id": 138979773, "side": "buy", "size": "5.50000000", "price": "0.20146000", "time": "2025-07-14T14:39:24.810183Z", "fetched_at": "2025-07-14T14:39:31.847893+00:00", "symbol": "DOGE-USD"}, {"trade_id": 138979772, "side": "buy", "size": "5.50000000", "price": "0.20148000", "time": "2025-07-14T14:39:24.810183Z", "fetched_at": "2025-07-14T14:39:31.847893+00:00", "symbol": "DOGE-USD"}, {"trade_id": 138979771, "side": "buy", "size": "5.50000000", "price": "0.20150000", "time": "2025-07-14T14:39:22.379742Z", "fetched_at": "2025-07-14T14:39:31.847893+00:00", "symbol": "DOGE-USD"}, {"trade_id": 138979770, "side": "buy", "size": "3.70000000", "price": "0.20151000", "time": "2025-07-14T14:39:22.374461Z", "fetched_at": "2025-07-14T14:39:31.847893+00:00", "symbol": "DOGE-USD"}, {"trade_id": 138979769, "side": "buy", "size": "5.50000000", "price": "0.20152000", "time": "2025-07-14T14:39:22.017201Z", "fetched_at": "2025-07-14T14:39:31.847893+00:00", "symbol": "DOGE-USD"}, {"trade_id": 138979768, "side": "buy", "size": "5.50000000", "price": "0.20154000", "time": "2025-07-14T14:39:21.058800Z", "fetched_at": "2025-07-14T14:39:31.847893+00:00", "symbol": "DOGE-USD"}, {"trade_id": 138979767, "side": "sell", "size": "5.50000000", "price": "0.20162000", "time": "2025-07-14T14:39:16.888563Z", "fetched_at": "2025-07-14T14:39:31.847893+00:00", "symbol": "DOGE-USD"}, {"trade_id": 138979766, "side": "sell", "size": "98547.10000000", "price": "0.20161000", "time": "2025-07-14T14:39:16.884236Z", "fetched_at": "2025-07-14T14:39:31.847893+00:00", "symbol": "DOGE-USD"}, {"trade_id": 138979765, "side": "sell", "size": "5595.60000000", "price": "0.20161000", "time": "2025-07-14T14:39:16.884137Z", "fetched_at": "2025-07-14T14:39:31.847893+00:00", "symbol": "DOGE-USD"}, {"trade_id": 138979764, "side": "sell", "size": "4714.90000000", "price": "0.20161000", "time": "2025-07-14T14:39:16.883541Z", "fetched_at": "2025-07-14T14:39:31.847893+00:00", "symbol": "DOGE-USD"}, {"trade_id": 138979763, "side": "sell", "size": "10403.60000000", "price": "0.20161000", "time": "2025-07-14T14:39:16.882229Z", "fetched_at": "2025-07-14T14:39:31.847893+00:00", "symbol": "DOGE-USD"}, {"trade_id": 138979762, "side": "sell", "size": "5.50000000", "price": "0.20160000", "time": "2025-07-14T14:39:16.876492Z", "fetched_at": "2025-07-14T14:39:31.847893+00:00", "symbol": "DOGE-USD"}, {"trade_id": 138979761, "side": "sell", "size": "2394.60000000", "price": "0.20158000", "time": "2025-07-14T14:39:16.407191Z", "fetched_at": "2025-07-14T14:39:31.847893+00:00", "symbol": "DOGE-USD"}, {"trade_id": 138979760, "side": "sell", "size": "5.50000000", "price": "0.20158000", "time": "2025-07-14T14:39:16.407191Z", "fetched_at": "2025-07-14T14:39:31.847893+00:00", "symbol": "DOGE-USD"}, {"trade_id": 138979759, "side": "sell", "size": "5.50000000", "price": "0.20156000", "time": "2025-07-14T14:39:16.407191Z", "fetched_at": "2025-07-14T14:39:31.847893+00:00", "symbol": "DOGE-USD"}, {"trade_id": 138979758, "side": "buy", "size": "896.80000000", "price": "0.20150000", "time": "2025-07-14T14:39:15.716117Z", "fetched_at": "2025-07-14T14:39:31.847893+00:00", "symbol": "DOGE-USD"}, {"trade_id": 138979757, "side": "buy", "size": "1417.10000000", "price": "0.20153000", "time": "2025-07-14T14:39:15.716117Z", "fetched_at": "2025-07-14T14:39:31.847893+00:00", "symbol": "DOGE-USD"}, {"trade_id": 138979756, "side": "buy", "size": "249.80000000", "price": "0.20153000", "time": "2025-07-14T14:39:15.716117Z", "fetched_at": "2025-07-14T14:39:31.847893+00:00", "symbol": "DOGE-USD"}, {"trade_id": 138979755, "side": "sell", "size": "92.80000000", "price": "0.20154000", "time": "2025-07-14T14:39:15.680430Z", "fetched_at": "2025-07-14T14:39:31.847893+00:00", "symbol": "DOGE-USD"}, {"trade_id": 138979754, "side": "sell", "size": "5.50000000", "price": "0.20154000", "time": "2025-07-14T14:39:15.680430Z", "fetched_at": "2025-07-14T14:39:31.847893+00:00", "symbol": "DOGE-USD"}, {"trade_id": 138979753, "side": "buy", "size": "249.80000000", "price": "0.20151000", "time": "2025-07-14T14:39:14.998096Z", "fetched_at": "2025-07-14T14:39:31.847893+00:00", "symbol": "DOGE-USD"}, {"trade_id": 138979752, "side": "buy", "size": "249.80000000", "price": "0.20153000", "time": "2025-07-14T14:39:14.959236Z", "fetched_at": "2025-07-14T14:39:31.847893+00:00", "symbol": "DOGE-USD"}, {"trade_id": 138979751, "side": "sell", "size": "364.80000000", "price": "0.20153000", "time": "2025-07-14T14:39:12.278364Z", "fetched_at": "2025-07-14T14:39:31.847893+00:00", "symbol": "DOGE-USD"}, {"trade_id": 138979750, "side": "buy", "size": "5.50000000", "price": "0.20150000", "time": "2025-07-14T14:39:11.537856Z", "fetched_at": "2025-07-14T14:39:31.847893+00:00", "symbol": "DOGE-USD"}, {"trade_id": 138979749, "side": "buy", "size": "3.70000000", "price": "0.20150000", "time": "2025-07-14T14:39:11.537856Z", "fetched_at": "2025-07-14T14:39:31.847893+00:00", "symbol": "DOGE-USD"}, {"trade_id": 138979748, "side": "buy", "size": "5.50000000", "price": "0.20152000", "time": "2025-07-14T14:39:11.530642Z", "fetched_at": "2025-07-14T14:39:31.847893+00:00", "symbol": "DOGE-USD"}, {"trade_id": 138979747, "side": "sell", "size": "4721.40000000", "price": "0.20161000", "time": "2025-07-14T14:39:09.890907Z", "fetched_at": "2025-07-14T14:39:31.847893+00:00", "symbol": "DOGE-USD"}, {"trade_id": 138979746, "side": "sell", "size": "5.50000000", "price": "0.20160000", "time": "2025-07-14T14:39:09.890907Z", "fetched_at": "2025-07-14T14:39:31.847893+00:00", "symbol": "DOGE-USD"}, {"trade_id": 138979745, "side": "sell", "size": "5.50000000", "price": "0.20158000", "time": "2025-07-14T14:39:08.142962Z", "fetched_at": "2025-07-14T14:39:31.847893+00:00", "symbol": "DOGE-USD"}, {"trade_id": 138979744, "side": "buy", "size": "249.80000000", "price": "0.20155000", "time": "2025-07-14T14:39:06.227374Z", "fetched_at": "2025-07-14T14:39:31.847893+00:00", "symbol": "DOGE-USD"}, {"trade_id": 138979743, "side": "buy", "size": "2019.60000000", "price": "0.20144000", "time": "2025-07-14T14:39:05.897715Z", "fetched_at": "2025-07-14T14:39:31.847893+00:00", "symbol": "DOGE-USD"}, {"trade_id": 138979742, "side": "buy", "size": "5.50000000", "price": "0.20144000", "time": "2025-07-14T14:39:05.897715Z", "fetched_at": "2025-07-14T14:39:31.847893+00:00", "symbol": "DOGE-USD"}, {"trade_id": 138979741, "side": "buy", "size": "5.50000000", "price": "0.20146000", "time": "2025-07-14T14:39:05.897715Z", "fetched_at": "2025-07-14T14:39:31.847893+00:00", "symbol": "DOGE-USD"}, {"trade_id": 138979740, "side": "buy", "size": "186.70000000", "price": "0.20146000", "time": "2025-07-14T14:39:05.897715Z", "fetched_at": "2025-07-14T14:39:31.847893+00:00", "symbol": "DOGE-USD"}, {"trade_id": 138979739, "side": "buy", "size": "841.00000000", "price": "0.20147000", "time": "2025-07-14T14:39:05.897715Z", "fetched_at": "2025-07-14T14:39:31.847893+00:00", "symbol": "DOGE-USD"}, {"trade_id": 138979738, "side": "buy", "size": "1537.20000000", "price": "0.20148000", "time": "2025-07-14T14:39:05.897715Z", "fetched_at": "2025-07-14T14:39:31.847893+00:00", "symbol": "DOGE-USD"}, {"trade_id": 138979737, "side": "buy", "size": "2992.60000000", "price": "0.20149000", "time": "2025-07-14T14:39:05.897715Z", "fetched_at": "2025-07-14T14:39:31.847893+00:00", "symbol": "DOGE-USD"}, {"trade_id": 138979736, "side": "buy", "size": "2993.60000000", "price": "0.20149000", "time": "2025-07-14T14:39:05.897715Z", "fetched_at": "2025-07-14T14:39:31.847893+00:00", "symbol": "DOGE-USD"}, {"trade_id": 138979735, "side": "buy", "size": "1367.40000000", "price": "0.20152000", "time": "2025-07-14T14:39:05.897715Z", "fetched_at": "2025-07-14T14:39:31.847893+00:00", "symbol": "DOGE-USD"}, {"trade_id": 138979734, "side": "buy", "size": "1414.40000000", "price": "0.20152000", "time": "2025-07-14T14:39:05.897715Z", "fetched_at": "2025-07-14T14:39:31.847893+00:00", "symbol": "DOGE-USD"}, {"trade_id": 138979733, "side": "sell", "size": "810.00000000", "price": "0.20150000", "time": "2025-07-14T14:39:05.187667Z", "fetched_at": "2025-07-14T14:39:31.847893+00:00", "symbol": "DOGE-USD"}, {"trade_id": 138979732, "side": "buy", "size": "249.80000000", "price": "0.20152000", "time": "2025-07-14T14:39:04.986001Z", "fetched_at": "2025-07-14T14:39:31.847893+00:00", "symbol": "DOGE-USD"}, {"trade_id": 138979731, "side": "sell", "size": "810.00000000", "price": "0.20150000", "time": "2025-07-14T14:39:04.847379Z", "fetched_at": "2025-07-14T14:39:31.847893+00:00", "symbol": "DOGE-USD"}, {"trade_id": 138979730, "side": "buy", "size": "249.80000000", "price": "0.20151000", "time": "2025-07-14T14:39:04.747600Z", "fetched_at": "2025-07-14T14:39:31.847893+00:00", "symbol": "DOGE-USD"}, {"trade_id": 138979729, "side": "buy", "size": "5.50000000", "price": "0.20152000", "time": "2025-07-14T14:39:04.422399Z", "fetched_at": "2025-07-14T14:39:31.847893+00:00", "symbol": "DOGE-USD"}, {"trade_id": 138979728, "side": "buy", "size": "73.20000000", "price": "0.20150000", "time": "2025-07-14T14:39:03.204607Z", "fetched_at": "2025-07-14T14:39:31.847893+00:00", "symbol": "DOGE-USD"}, {"trade_id": 138979727, "side": "sell", "size": "339.20000000", "price": "0.20154000", "time": "2025-07-14T14:39:02.746324Z", "fetched_at": "2025-07-14T14:39:31.847893+00:00", "symbol": "DOGE-USD"}, {"trade_id": 138979726, "side": "buy", "size": "914.90000000", "price": "0.20153000", "time": "2025-07-14T14:39:02.441199Z", "fetched_at": "2025-07-14T14:39:31.847893+00:00", "symbol": "DOGE-USD"}, {"trade_id": 138979725, "side": "buy", "size": "249.80000000", "price": "0.20153000", "time": "2025-07-14T14:39:02.441199Z", "fetched_at": "2025-07-14T14:39:31.847893+00:00", "symbol": "DOGE-USD"}, {"trade_id": 138979724, "side": "buy", "size": "250.30000000", "price": "0.20153000", "time": "2025-07-14T14:39:02.441199Z", "fetched_at": "2025-07-14T14:39:31.847893+00:00", "symbol": "DOGE-USD"}, {"trade_id": 138979723, "side": "buy", "size": "273.40000000", "price": "0.20148000", "time": "2025-07-14T14:39:02.295729Z", "fetched_at": "2025-07-14T14:39:31.847893+00:00", "symbol": "DOGE-USD"}, {"trade_id": 138979722, "side": "buy", "size": "500.00000000", "price": "0.20148000", "time": "2025-07-14T14:39:02.295729Z", "fetched_at": "2025-07-14T14:39:31.847893+00:00", "symbol": "DOGE-USD"}, {"trade_id": 138979721, "side": "buy", "size": "2990.10000000", "price": "0.20149000", "time": "2025-07-14T14:39:02.295729Z", "fetched_at": "2025-07-14T14:39:31.847893+00:00", "symbol": "DOGE-USD"}, {"trade_id": 138979720, "side": "buy", "size": "2990.50000000", "price": "0.20149000", "time": "2025-07-14T14:39:02.295729Z", "fetched_at": "2025-07-14T14:39:31.847893+00:00", "symbol": "DOGE-USD"}, {"trade_id": 138979719, "side": "buy", "size": "1428.10000000", "price": "0.20151000", "time": "2025-07-14T14:39:02.295729Z", "fetched_at": "2025-07-14T14:39:31.847893+00:00", "symbol": "DOGE-USD"}, {"trade_id": 138979718, "side": "buy", "size": "1558.70000000", "price": "0.20152000", "time": "2025-07-14T14:39:02.295729Z", "fetched_at": "2025-07-14T14:39:31.847893+00:00", "symbol": "DOGE-USD"}, {"trade_id": 138979717, "side": "buy", "size": "1536.10000000", "price": "0.20153000", "time": "2025-07-14T14:39:02.295729Z", "fetched_at": "2025-07-14T14:39:31.847893+00:00", "symbol": "DOGE-USD"}, {"trade_id": 138979716, "side": "buy", "size": "1296.00000000", "price": "0.20153000", "time": "2025-07-14T14:39:02.295729Z", "fetched_at": "2025-07-14T14:39:31.847893+00:00", "symbol": "DOGE-USD"}, {"trade_id": 138979715, "side": "buy", "size": "53.80000000", "price": "0.20147000", "time": "2025-07-14T14:39:01.683160Z", "fetched_at": "2025-07-14T14:39:31.847893+00:00", "symbol": "DOGE-USD"}, {"trade_id": 138979714, "side": "buy", "size": "5.50000000", "price": "0.20148000", "time": "2025-07-14T14:39:01.683160Z", "fetched_at": "2025-07-14T14:39:31.847893+00:00", "symbol": "DOGE-USD"}, {"trade_id": 138979713, "side": "buy", "size": "1321.60000000", "price": "0.20149000", "time": "2025-07-14T14:39:01.683160Z", "fetched_at": "2025-07-14T14:39:31.847893+00:00", "symbol": "DOGE-USD"}, {"trade_id": 138979712, "side": "buy", "size": "1088.30000000", "price": "0.20149000", "time": "2025-07-14T14:39:01.683160Z", "fetched_at": "2025-07-14T14:39:31.847893+00:00", "symbol": "DOGE-USD"}, {"trade_id": 138979711, "side": "buy", "size": "5.50000000", "price": "0.20150000", "time": "2025-07-14T14:39:01.683160Z", "fetched_at": "2025-07-14T14:39:31.847893+00:00", "symbol": "DOGE-USD"}, {"trade_id": 138979710, "side": "buy", "size": "5.50000000", "price": "0.20152000", "time": "2025-07-14T14:39:01.683160Z", "fetched_at": "2025-07-14T14:39:31.847893+00:00", "symbol": "DOGE-USD"}, {"trade_id": 138979709, "side": "buy", "size": "5.50000000", "price": "0.20154000", "time": "2025-07-14T14:39:01.483147Z", "fetched_at": "2025-07-14T14:39:31.847893+00:00", "symbol": "DOGE-USD"}, {"trade_id": 138979708, "side": "buy", "size": "5.50000000", "price": "0.20156000", "time": "2025-07-14T14:39:01.454718Z", "fetched_at": "2025-07-14T14:39:31.847893+00:00", "symbol": "DOGE-USD"}, {"trade_id": 138979707, "side": "buy", "size": "5.50000000", "price": "0.20158000", "time": "2025-07-14T14:39:01.424103Z", "fetched_at": "2025-07-14T14:39:31.847893+00:00", "symbol": "DOGE-USD"}, {"trade_id": 138979706, "side": "buy", "size": "249.80000000", "price": "0.20165000", "time": "2025-07-14T14:39:01.247833Z", "fetched_at": "2025-07-14T14:39:31.847893+00:00", "symbol": "DOGE-USD"}, {"trade_id": 138979705, "side": "buy", "size": "5.50000000", "price": "0.20160000", "time": "2025-07-14T14:39:00.673729Z", "fetched_at": "2025-07-14T14:39:31.847893+00:00", "symbol": "DOGE-USD"}, {"trade_id": 138979704, "side": "buy", "size": "5.50000000", "price": "0.20162000", "time": "2025-07-14T14:39:00.632533Z", "fetched_at": "2025-07-14T14:39:31.847893+00:00", "symbol": "DOGE-USD"}, {"trade_id": 138979703, "side": "buy", "size": "134.60000000", "price": "0.20166000", "time": "2025-07-14T14:39:00.155294Z", "fetched_at": "2025-07-14T14:39:31.847893+00:00", "symbol": "DOGE-USD"}, {"trade_id": 138979702, "side": "buy", "size": "183.00000000", "price": "0.20167000", "time": "2025-07-14T14:39:00.155294Z", "fetched_at": "2025-07-14T14:39:31.847893+00:00", "symbol": "DOGE-USD"}, {"trade_id": 138979701, "side": "buy", "size": "1302.60000000", "price": "0.20167000", "time": "2025-07-14T14:39:00.155294Z", "fetched_at": "2025-07-14T14:39:31.847893+00:00", "symbol": "DOGE-USD"}, {"trade_id": 138979700, "side": "buy", "size": "250.30000000", "price": "0.20167000", "time": "2025-07-14T14:39:00.155294Z", "fetched_at": "2025-07-14T14:39:31.847893+00:00", "symbol": "DOGE-USD"}, {"trade_id": 138979699, "side": "buy", "size": "249.80000000", "price": "0.20167000", "time": "2025-07-14T14:39:00.155294Z", "fetched_at": "2025-07-14T14:39:31.847893+00:00", "symbol": "DOGE-USD"}, {"trade_id": 138979698, "side": "buy", "size": "5.50000000", "price": "0.20162000", "time": "2025-07-14T14:38:58.402261Z", "fetched_at": "2025-07-14T14:39:31.847893+00:00", "symbol": "DOGE-USD"}, {"trade_id": 138979697, "side": "sell", "size": "5.50000000", "price": "0.20166000", "time": "2025-07-14T14:38:56.595657Z", "fetched_at": "2025-07-14T14:39:31.847893+00:00", "symbol": "DOGE-USD"}, {"trade_id": 138979696, "side": "sell", "size": "5.50000000", "price": "0.20164000", "time": "2025-07-14T14:38:56.358749Z", "fetched_at": "2025-07-14T14:39:31.847893+00:00", "symbol": "DOGE-USD"}, {"trade_id": 138979695, "side": "sell", "size": "728.80000000", "price": "0.20162000", "time": "2025-07-14T14:38:56.340901Z", "fetched_at": "2025-07-14T14:39:31.847893+00:00", "symbol": "DOGE-USD"}, {"trade_id": 138979694, "side": "buy", "size": "249.80000000", "price": "0.20161000", "time": "2025-07-14T14:38:55.704517Z", "fetched_at": "2025-07-14T14:39:31.847893+00:00", "symbol": "DOGE-USD"}, {"trade_id": 138979693, "side": "buy", "size": "249.80000000", "price": "0.20158000", "time": "2025-07-14T14:38:55.514401Z", "fetched_at": "2025-07-14T14:39:31.847893+00:00", "symbol": "DOGE-USD"}, {"trade_id": 138979692, "side": "buy", "size": "249.80000000", "price": "0.20161000", "time": "2025-07-14T14:38:54.760110Z", "fetched_at": "2025-07-14T14:39:31.847893+00:00", "symbol": "DOGE-USD"}, {"trade_id": 138979691, "side": "buy", "size": "249.80000000", "price": "0.20160000", "time": "2025-07-14T14:38:52.293049Z", "fetched_at": "2025-07-14T14:39:31.847893+00:00", "symbol": "DOGE-USD"}, {"trade_id": 138979690, "side": "buy", "size": "249.80000000", "price": "0.20161000", "time": "2025-07-14T14:38:52.105787Z", "fetched_at": "2025-07-14T14:39:31.847893+00:00", "symbol": "DOGE-USD"}, {"trade_id": 138979689, "side": "buy", "size": "249.80000000", "price": "0.20162000", "time": "2025-07-14T14:38:51.185549Z", "fetched_at": "2025-07-14T14:39:31.847893+00:00", "symbol": "DOGE-USD"}, {"trade_id": 138979688, "side": "buy", "size": "249.80000000", "price": "0.20161000", "time": "2025-07-14T14:38:51.174375Z", "fetched_at": "2025-07-14T14:39:31.847893+00:00", "symbol": "DOGE-USD"}, {"trade_id": 138979687, "side": "buy", "size": "426.00000000", "price": "0.20156000", "time": "2025-07-14T14:38:50.440440Z", "fetched_at": "2025-07-14T14:39:31.847893+00:00", "symbol": "DOGE-USD"}, {"trade_id": 138979686, "side": "buy", "size": "249.80000000", "price": "0.20159000", "time": "2025-07-14T14:38:50.440440Z", "fetched_at": "2025-07-14T14:39:31.847893+00:00", "symbol": "DOGE-USD"}, {"trade_id": 138979685, "side": "buy", "size": "249.80000000", "price": "0.20159000", "time": "2025-07-14T14:38:50.366620Z", "fetched_at": "2025-07-14T14:39:31.847893+00:00", "symbol": "DOGE-USD"}, {"trade_id": 138979684, "side": "buy", "size": "249.80000000", "price": "0.20161000", "time": "2025-07-14T14:38:49.951425Z", "fetched_at": "2025-07-14T14:39:31.847893+00:00", "symbol": "DOGE-USD"}, {"trade_id": 138979683, "side": "buy", "size": "249.80000000", "price": "0.20161000", "time": "2025-07-14T14:38:49.771935Z", "fetched_at": "2025-07-14T14:39:31.847893+00:00", "symbol": "DOGE-USD"}, {"trade_id": 138979682, "side": "buy", "size": "264.60000000", "price": "0.20162000", "time": "2025-07-14T14:38:48.324936Z", "fetched_at": "2025-07-14T14:39:31.847893+00:00", "symbol": "DOGE-USD"}, {"trade_id": 138979681, "side": "buy", "size": "249.80000000", "price": "0.20162000", "time": "2025-07-14T14:38:48.324936Z", "fetched_at": "2025-07-14T14:39:31.847893+00:00", "symbol": "DOGE-USD"}, {"trade_id": 138979680, "side": "sell", "size": "247.30000000", "price": "0.20163000", "time": "2025-07-14T14:38:46.855784Z", "fetched_at": "2025-07-14T14:39:31.847893+00:00", "symbol": "DOGE-USD"}, {"trade_id": 138979679, "side": "buy", "size": "6281.10000000", "price": "0.20139000", "time": "2025-07-14T14:38:46.500051Z", "fetched_at": "2025-07-14T14:39:31.847893+00:00", "symbol": "DOGE-USD"}, {"trade_id": 138979678, "side": "buy", "size": "6018.00000000", "price": "0.20139000", "time": "2025-07-14T14:38:46.500051Z", "fetched_at": "2025-07-14T14:39:31.847893+00:00", "symbol": "DOGE-USD"}, {"trade_id": 138979677, "side": "buy", "size": "206.00000000", "price": "0.20139000", "time": "2025-07-14T14:38:46.500051Z", "fetched_at": "2025-07-14T14:39:31.847893+00:00", "symbol": "DOGE-USD"}, {"trade_id": 138979676, "side": "buy", "size": "4.90000000", "price": "0.20139000", "time": "2025-07-14T14:38:46.500051Z", "fetched_at": "2025-07-14T14:39:31.847893+00:00", "symbol": "DOGE-USD"}, {"trade_id": 138979675, "side": "buy", "size": "5.50000000", "price": "0.20140000", "time": "2025-07-14T14:38:46.500051Z", "fetched_at": "2025-07-14T14:39:31.847893+00:00", "symbol": "DOGE-USD"}, {"trade_id": 138979674, "side": "buy", "size": "19770.10000000", "price": "0.20140000", "time": "2025-07-14T14:38:46.500051Z", "fetched_at": "2025-07-14T14:39:31.847893+00:00", "symbol": "DOGE-USD"}, {"trade_id": 138979673, "side": "buy", "size": "810.00000000", "price": "0.20140000", "time": "2025-07-14T14:38:46.500051Z", "fetched_at": "2025-07-14T14:39:31.847893+00:00", "symbol": "DOGE-USD"}, {"trade_id": 138979672, "side": "buy", "size": "6018.00000000", "price": "0.20141000", "time": "2025-07-14T14:38:46.500051Z", "fetched_at": "2025-07-14T14:39:31.847893+00:00", "symbol": "DOGE-USD"}, {"trade_id": 138979671, "side": "buy", "size": "3989.80000000", "price": "0.20142000", "time": "2025-07-14T14:38:46.500051Z", "fetched_at": "2025-07-14T14:39:31.847893+00:00", "symbol": "DOGE-USD"}, {"trade_id": 138979670, "side": "buy", "size": "6018.00000000", "price": "0.20142000", "time": "2025-07-14T14:38:46.500051Z", "fetched_at": "2025-07-14T14:39:31.847893+00:00", "symbol": "DOGE-USD"}, {"trade_id": 138979669, "side": "buy", "size": "0.50000000", "price": "0.20142000", "time": "2025-07-14T14:38:46.500051Z", "fetched_at": "2025-07-14T14:39:31.847893+00:00", "symbol": "DOGE-USD"}, {"trade_id": 138979668, "side": "buy", "size": "3611.10000000", "price": "0.20143000", "time": "2025-07-14T14:38:46.500051Z", "fetched_at": "2025-07-14T14:39:31.847893+00:00", "symbol": "DOGE-USD"}, {"trade_id": 138979667, "side": "buy", "size": "810.00000000", "price": "0.20143000", "time": "2025-07-14T14:38:46.500051Z", "fetched_at": "2025-07-14T14:39:31.847893+00:00", "symbol": "DOGE-USD"}, {"trade_id": 138979666, "side": "buy", "size": "2500.00000000", "price": "0.20144000", "time": "2025-07-14T14:38:46.500051Z", "fetched_at": "2025-07-14T14:39:31.847893+00:00", "symbol": "DOGE-USD"}, {"trade_id": 138979665, "side": "buy", "size": "5.50000000", "price": "0.20144000", "time": "2025-07-14T14:38:46.500051Z", "fetched_at": "2025-07-14T14:39:31.847893+00:00", "symbol": "DOGE-USD"}, {"trade_id": 138979664, "side": "buy", "size": "6018.00000000", "price": "0.20144000", "time": "2025-07-14T14:38:46.500051Z", "fetched_at": "2025-07-14T14:39:31.847893+00:00", "symbol": "DOGE-USD"}, {"trade_id": 138979663, "side": "buy", "size": "27.80000000", "price": "0.20144000", "time": "2025-07-14T14:38:46.500051Z", "fetched_at": "2025-07-14T14:39:31.847893+00:00", "symbol": "DOGE-USD"}, {"trade_id": 138979662, "side": "buy", "size": "10000.00000000", "price": "0.20145000", "time": "2025-07-14T14:38:46.500051Z", "fetched_at": "2025-07-14T14:39:31.847893+00:00", "symbol": "DOGE-USD"}, {"trade_id": 138979661, "side": "buy", "size": "2000.00000000", "price": "0.20145000", "time": "2025-07-14T14:38:46.500051Z", "fetched_at": "2025-07-14T14:39:31.847893+00:00", "symbol": "DOGE-USD"}, {"trade_id": 138979660, "side": "buy", "size": "1373.30000000", "price": "0.20145000", "time": "2025-07-14T14:38:46.500051Z", "fetched_at": "2025-07-14T14:39:31.847893+00:00", "symbol": "DOGE-USD"}, {"trade_id": 138979659, "side": "buy", "size": "3630.80000000", "price": "0.20145000", "time": "2025-07-14T14:38:46.500051Z", "fetched_at": "2025-07-14T14:39:31.847893+00:00", "symbol": "DOGE-USD"}, {"trade_id": 138979658, "side": "buy", "size": "6018.00000000", "price": "0.20145000", "time": "2025-07-14T14:38:46.500051Z", "fetched_at": "2025-07-14T14:39:31.847893+00:00", "symbol": "DOGE-USD"}, {"trade_id": 138979657, "side": "buy", "size": "31.70000000", "price": "0.20145000", "time": "2025-07-14T14:38:46.500051Z", "fetched_at": "2025-07-14T14:39:31.847893+00:00", "symbol": "DOGE-USD"}, {"trade_id": 138979656, "side": "buy", "size": "5803.70000000", "price": "0.20146000", "time": "2025-07-14T14:38:46.500051Z", "fetched_at": "2025-07-14T14:39:31.847893+00:00", "symbol": "DOGE-USD"}, {"trade_id": 138979655, "side": "buy", "size": "1570.30000000", "price": "0.20146000", "time": "2025-07-14T14:38:46.500051Z", "fetched_at": "2025-07-14T14:39:31.847893+00:00", "symbol": "DOGE-USD"}, {"trade_id": 138979654, "side": "buy", "size": "24860.20000000", "price": "0.20146000", "time": "2025-07-14T14:38:46.500051Z", "fetched_at": "2025-07-14T14:39:31.847893+00:00", "symbol": "DOGE-USD"}, {"trade_id": 138979653, "side": "buy", "size": "3577.00000000", "price": "0.20146000", "time": "2025-07-14T14:38:46.500051Z", "fetched_at": "2025-07-14T14:39:31.847893+00:00", "symbol": "DOGE-USD"}, {"trade_id": 138979652, "side": "buy", "size": "3629.80000000", "price": "0.20146000", "time": "2025-07-14T14:38:46.500051Z", "fetched_at": "2025-07-14T14:39:31.847893+00:00", "symbol": "DOGE-USD"}, {"trade_id": 138979651, "side": "buy", "size": "425.60000000", "price": "0.20146000", "time": "2025-07-14T14:38:46.500051Z", "fetched_at": "2025-07-14T14:39:31.847893+00:00", "symbol": "DOGE-USD"}, {"trade_id": 138979650, "side": "buy", "size": "3006.40000000", "price": "0.20147000", "time": "2025-07-14T14:38:46.500051Z", "fetched_at": "2025-07-14T14:39:31.847893+00:00", "symbol": "DOGE-USD"}, {"trade_id": 138979649, "side": "buy", "size": "17317.70000000", "price": "0.20147000", "time": "2025-07-14T14:38:46.500051Z", "fetched_at": "2025-07-14T14:39:31.847893+00:00", "symbol": "DOGE-USD"}, {"trade_id": 138979648, "side": "buy", "size": "1270.70000000", "price": "0.20147000", "time": "2025-07-14T14:38:46.500051Z", "fetched_at": "2025-07-14T14:39:31.847893+00:00", "symbol": "DOGE-USD"}, {"trade_id": 138979647, "side": "buy", "size": "94.50000000", "price": "0.20147000", "time": "2025-07-14T14:38:46.500051Z", "fetched_at": "2025-07-14T14:39:31.847893+00:00", "symbol": "DOGE-USD"}, {"trade_id": 138979646, "side": "buy", "size": "47.10000000", "price": "0.20147000", "time": "2025-07-14T14:38:46.500051Z", "fetched_at": "2025-07-14T14:39:31.847893+00:00", "symbol": "DOGE-USD"}, {"trade_id": 138979645, "side": "buy", "size": "2651.20000000", "price": "0.20148000", "time": "2025-07-14T14:38:46.500051Z", "fetched_at": "2025-07-14T14:39:31.847893+00:00", "symbol": "DOGE-USD"}, {"trade_id": 138979644, "side": "buy", "size": "20496.00000000", "price": "0.20148000", "time": "2025-07-14T14:38:46.500051Z", "fetched_at": "2025-07-14T14:39:31.847893+00:00", "symbol": "DOGE-USD"}, {"trade_id": 138979643, "side": "buy", "size": "1861.10000000", "price": "0.20148000", "time": "2025-07-14T14:38:46.500051Z", "fetched_at": "2025-07-14T14:39:31.847893+00:00", "symbol": "DOGE-USD"}, {"trade_id": 138979642, "side": "buy", "size": "810.00000000", "price": "0.20148000", "time": "2025-07-14T14:38:46.500051Z", "fetched_at": "2025-07-14T14:39:31.847893+00:00", "symbol": "DOGE-USD"}, {"trade_id": 138979641, "side": "buy", "size": "5.50000000", "price": "0.20148000", "time": "2025-07-14T14:38:46.500051Z", "fetched_at": "2025-07-14T14:39:31.847893+00:00", "symbol": "DOGE-USD"}, {"trade_id": 138979640, "side": "buy", "size": "13903.60000000", "price": "0.20149000", "time": "2025-07-14T14:38:46.500051Z", "fetched_at": "2025-07-14T14:39:31.847893+00:00", "symbol": "DOGE-USD"}, {"trade_id": 138979639, "side": "buy", "size": "59.60000000", "price": "0.20149000", "time": "2025-07-14T14:38:46.500051Z", "fetched_at": "2025-07-14T14:39:31.847893+00:00", "symbol": "DOGE-USD"}, {"trade_id": 138979638, "side": "buy", "size": "5775.50000000", "price": "0.20149000", "time": "2025-07-14T14:38:46.500051Z", "fetched_at": "2025-07-14T14:39:31.847893+00:00", "symbol": "DOGE-USD"}, {"trade_id": 138979637, "side": "buy", "size": "11.90000000", "price": "0.20149000", "time": "2025-07-14T14:38:46.500051Z", "fetched_at": "2025-07-14T14:39:31.847893+00:00", "symbol": "DOGE-USD"}, {"trade_id": 138979636, "side": "buy", "size": "3508.20000000", "price": "0.20150000", "time": "2025-07-14T14:38:46.500051Z", "fetched_at": "2025-07-14T14:39:31.847893+00:00", "symbol": "DOGE-USD"}, {"trade_id": 138979635, "side": "buy", "size": "195.80000000", "price": "0.20150000", "time": "2025-07-14T14:38:46.500051Z", "fetched_at": "2025-07-14T14:39:31.847893+00:00", "symbol": "DOGE-USD"}, {"trade_id": 138979634, "side": "buy", "size": "810.00000000", "price": "0.20151000", "time": "2025-07-14T14:38:46.500051Z", "fetched_at": "2025-07-14T14:39:31.847893+00:00", "symbol": "DOGE-USD"}, {"trade_id": 138979633, "side": "buy", "size": "5.50000000", "price": "0.20152000", "time": "2025-07-14T14:38:46.500051Z", "fetched_at": "2025-07-14T14:39:31.847893+00:00", "symbol": "DOGE-USD"}, {"trade_id": 138979632, "side": "buy", "size": "841.00000000", "price": "0.20153000", "time": "2025-07-14T14:38:46.500051Z", "fetched_at": "2025-07-14T14:39:31.847893+00:00", "symbol": "DOGE-USD"}, {"trade_id": 138979631, "side": "buy", "size": "4737.50000000", "price": "0.20153000", "time": "2025-07-14T14:38:46.500051Z", "fetched_at": "2025-07-14T14:39:31.847893+00:00", "symbol": "DOGE-USD"}, {"trade_id": 138979630, "side": "buy", "size": "3328.50000000", "price": "0.20154000", "time": "2025-07-14T14:38:46.500051Z", "fetched_at": "2025-07-14T14:39:31.847893+00:00", "symbol": "DOGE-USD"}, {"trade_id": 138979629, "side": "buy", "size": "810.00000000", "price": "0.20155000", "time": "2025-07-14T14:38:46.500051Z", "fetched_at": "2025-07-14T14:39:31.847893+00:00", "symbol": "DOGE-USD"}, {"trade_id": 138979628, "side": "buy", "size": "5.50000000", "price": "0.20156000", "time": "2025-07-14T14:38:46.500051Z", "fetched_at": "2025-07-14T14:39:31.847893+00:00", "symbol": "DOGE-USD"}, {"trade_id": 138979627, "side": "buy", "size": "0.10000000", "price": "0.20157000", "time": "2025-07-14T14:38:46.500051Z", "fetched_at": "2025-07-14T14:39:31.847893+00:00", "symbol": "DOGE-USD"}, {"trade_id": 138979626, "side": "buy", "size": "3.70000000", "price": "0.20157000", "time": "2025-07-14T14:38:46.500051Z", "fetched_at": "2025-07-14T14:39:31.847893+00:00", "symbol": "DOGE-USD"}, {"trade_id": 138979625, "side": "buy", "size": "0.10000000", "price": "0.20157000", "time": "2025-07-14T14:38:46.500051Z", "fetched_at": "2025-07-14T14:39:31.847893+00:00", "symbol": "DOGE-USD"}, {"trade_id": 138979624, "side": "buy", "size": "0.40000000", "price": "0.20157000", "time": "2025-07-14T14:38:46.500051Z", "fetched_at": "2025-07-14T14:39:31.847893+00:00", "symbol": "DOGE-USD"}, {"trade_id": 138979623, "side": "buy", "size": "5.50000000", "price": "0.20158000", "time": "2025-07-14T14:38:46.500051Z", "fetched_at": "2025-07-14T14:39:31.847893+00:00", "symbol": "DOGE-USD"}, {"trade_id": 138979622, "side": "buy", "size": "1536.20000000", "price": "0.20158000", "time": "2025-07-14T14:38:46.500051Z", "fetched_at": "2025-07-14T14:39:31.847893+00:00", "symbol": "DOGE-USD"}, {"trade_id": 138979621, "side": "buy", "size": "2980.10000000", "price": "0.20158000", "time": "2025-07-14T14:38:46.500051Z", "fetched_at": "2025-07-14T14:39:31.847893+00:00", "symbol": "DOGE-USD"}, {"trade_id": 138979620, "side": "buy", "size": "2978.70000000", "price": "0.20158000", "time": "2025-07-14T14:38:46.500051Z", "fetched_at": "2025-07-14T14:39:31.847893+00:00", "symbol": "DOGE-USD"}, {"trade_id": 138979619, "side": "buy", "size": "3575.30000000", "price": "0.20159000", "time": "2025-07-14T14:38:46.500051Z", "fetched_at": "2025-07-14T14:39:31.847893+00:00", "symbol": "DOGE-USD"}, {"trade_id": 138979618, "side": "buy", "size": "500.00000000", "price": "0.20159000", "time": "2025-07-14T14:38:46.500051Z", "fetched_at": "2025-07-14T14:39:31.847893+00:00", "symbol": "DOGE-USD"}, {"trade_id": 138979617, "side": "buy", "size": "183.00000000", "price": "0.20162000", "time": "2025-07-14T14:38:46.500051Z", "fetched_at": "2025-07-14T14:39:31.847893+00:00", "symbol": "DOGE-USD"}, {"trade_id": 138979616, "side": "buy", "size": "1570.50000000", "price": "0.20162000", "time": "2025-07-14T14:38:46.500051Z", "fetched_at": "2025-07-14T14:39:31.847893+00:00", "symbol": "DOGE-USD"}, {"trade_id": 138979615, "side": "buy", "size": "1404.70000000", "price": "0.20162000", "time": "2025-07-14T14:38:46.500051Z", "fetched_at": "2025-07-14T14:39:31.847893+00:00", "symbol": "DOGE-USD"}, {"trade_id": 138979614, "side": "buy", "size": "250.30000000", "price": "0.20162000", "time": "2025-07-14T14:38:46.500051Z", "fetched_at": "2025-07-14T14:39:31.847893+00:00", "symbol": "DOGE-USD"}, {"trade_id": 138979613, "side": "buy", "size": "249.80000000", "price": "0.20162000", "time": "2025-07-14T14:38:46.500051Z", "fetched_at": "2025-07-14T14:39:31.847893+00:00", "symbol": "DOGE-USD"}, {"trade_id": 138979612, "side": "buy", "size": "17.60000000", "price": "0.20161000", "time": "2025-07-14T14:38:45.575880Z", "fetched_at": "2025-07-14T14:39:31.847893+00:00", "symbol": "DOGE-USD"}, {"trade_id": 138979611, "side": "buy", "size": "249.80000000", "price": "0.20162000", "time": "2025-07-14T14:38:45.437688Z", "fetched_at": "2025-07-14T14:39:31.847893+00:00", "symbol": "DOGE-USD"}, {"trade_id": 138979610, "side": "buy", "size": "249.80000000", "price": "0.20162000", "time": "2025-07-14T14:38:45.417091Z", "fetched_at": "2025-07-14T14:39:31.847893+00:00", "symbol": "DOGE-USD"}, {"trade_id": 138979609, "side": "buy", "size": "249.80000000", "price": "0.20162000", "time": "2025-07-14T14:38:45.406174Z", "fetched_at": "2025-07-14T14:39:31.847893+00:00", "symbol": "DOGE-USD"}, {"trade_id": 138979608, "side": "buy", "size": "249.80000000", "price": "0.20162000", "time": "2025-07-14T14:38:45.386063Z", "fetched_at": "2025-07-14T14:39:31.847893+00:00", "symbol": "DOGE-USD"}, {"trade_id": 138979607, "side": "buy", "size": "374.70000000", "price": "0.20162000", "time": "2025-07-14T14:38:45.348738Z", "fetched_at": "2025-07-14T14:39:31.847893+00:00", "symbol": "DOGE-USD"}, {"trade_id": 138979606, "side": "buy", "size": "281.40000000", "price": "0.20158000", "time": "2025-07-14T14:38:45.308953Z", "fetched_at": "2025-07-14T14:39:31.847893+00:00", "symbol": "DOGE-USD"}, {"trade_id": 138979605, "side": "buy", "size": "249.80000000", "price": "0.20160000", "time": "2025-07-14T14:38:45.308953Z", "fetched_at": "2025-07-14T14:39:31.847893+00:00", "symbol": "DOGE-USD"}, {"trade_id": 138979604, "side": "buy", "size": "5.50000000", "price": "0.20164000", "time": "2025-07-14T14:38:44.605926Z", "fetched_at": "2025-07-14T14:39:31.847893+00:00", "symbol": "DOGE-USD"}, {"trade_id": 138979603, "side": "buy", "size": "249.80000000", "price": "0.20169000", "time": "2025-07-14T14:38:44.588383Z", "fetched_at": "2025-07-14T14:39:31.847893+00:00", "symbol": "DOGE-USD"}, {"trade_id": 138979602, "side": "buy", "size": "249.80000000", "price": "0.20169000", "time": "2025-07-14T14:38:44.546421Z", "fetched_at": "2025-07-14T14:39:31.847893+00:00", "symbol": "DOGE-USD"}, {"trade_id": 138979601, "side": "buy", "size": "249.80000000", "price": "0.20169000", "time": "2025-07-14T14:38:44.514548Z", "fetched_at": "2025-07-14T14:39:31.847893+00:00", "symbol": "DOGE-USD"}, {"trade_id": 138979600, "side": "buy", "size": "249.80000000", "price": "0.20169000", "time": "2025-07-14T14:38:44.501656Z", "fetched_at": "2025-07-14T14:39:31.847893+00:00", "symbol": "DOGE-USD"}, {"trade_id": 138979599, "side": "buy", "size": "249.80000000", "price": "0.20167000", "time": "2025-07-14T14:38:44.478315Z", "fetched_at": "2025-07-14T14:39:31.847893+00:00", "symbol": "DOGE-USD"}, {"trade_id": 138979598, "side": "buy", "size": "249.80000000", "price": "0.20167000", "time": "2025-07-14T14:38:44.467174Z", "fetched_at": "2025-07-14T14:39:31.847893+00:00", "symbol": "DOGE-USD"}, {"trade_id": 138979597, "side": "buy", "size": "2048.90000000", "price": "0.20168000", "time": "2025-07-14T14:38:44.426121Z", "fetched_at": "2025-07-14T14:39:31.847893+00:00", "symbol": "DOGE-USD"}, {"trade_id": 138979596, "side": "buy", "size": "249.80000000", "price": "0.20171000", "time": "2025-07-14T14:38:43.195378Z", "fetched_at": "2025-07-14T14:39:31.847893+00:00", "symbol": "DOGE-USD"}, {"trade_id": 138979595, "side": "buy", "size": "249.80000000", "price": "0.20173000", "time": "2025-07-14T14:38:43.163791Z", "fetched_at": "2025-07-14T14:39:31.847893+00:00", "symbol": "DOGE-USD"}, {"trade_id": 138979594, "side": "buy", "size": "249.80000000", "price": "0.20172000", "time": "2025-07-14T14:38:43.153423Z", "fetched_at": "2025-07-14T14:39:31.847893+00:00", "symbol": "DOGE-USD"}, {"trade_id": 138979593, "side": "buy", "size": "250.30000000", "price": "0.20173000", "time": "2025-07-14T14:38:43.124831Z", "fetched_at": "2025-07-14T14:39:31.847893+00:00", "symbol": "DOGE-USD"}, {"trade_id": 138979592, "side": "buy", "size": "249.80000000", "price": "0.20173000", "time": "2025-07-14T14:38:43.124831Z", "fetched_at": "2025-07-14T14:39:31.847893+00:00", "symbol": "DOGE-USD"}, {"trade_id": 138979591, "side": "buy", "size": "249.80000000", "price": "0.20173000", "time": "2025-07-14T14:38:43.081632Z", "fetched_at": "2025-07-14T14:39:31.847893+00:00", "symbol": "DOGE-USD"}, {"trade_id": 138979590, "side": "sell", "size": "5.50000000", "price": "0.20170000", "time": "2025-07-14T14:38:43.036240Z", "fetched_at": "2025-07-14T14:39:31.847893+00:00", "symbol": "DOGE-USD"}, {"trade_id": 138979589, "side": "buy", "size": "82.20000000", "price": "0.20166000", "time": "2025-07-14T14:38:42.912865Z", "fetched_at": "2025-07-14T14:39:31.847893+00:00", "symbol": "DOGE-USD"}, {"trade_id": 138979588, "side": "buy", "size": "249.80000000", "price": "0.20169000", "time": "2025-07-14T14:38:42.912865Z", "fetched_at": "2025-07-14T14:39:31.847893+00:00", "symbol": "DOGE-USD"}, {"trade_id": 138979587, "side": "buy", "size": "250.30000000", "price": "0.20169000", "time": "2025-07-14T14:38:42.912865Z", "fetched_at": "2025-07-14T14:39:31.847893+00:00", "symbol": "DOGE-USD"}, {"trade_id": 138979586, "side": "buy", "size": "249.80000000", "price": "0.20169000", "time": "2025-07-14T14:38:41.871445Z", "fetched_at": "2025-07-14T14:39:31.847893+00:00", "symbol": "DOGE-USD"}, {"trade_id": 138979585, "side": "buy", "size": "841.00000000", "price": "0.20161000", "time": "2025-07-14T14:38:41.754548Z", "fetched_at": "2025-07-14T14:39:31.847893+00:00", "symbol": "DOGE-USD"}, {"trade_id": 138979584, "side": "buy", "size": "810.00000000", "price": "0.20164000", "time": "2025-07-14T14:38:41.754548Z", "fetched_at": "2025-07-14T14:39:31.847893+00:00", "symbol": "DOGE-USD"}, {"trade_id": 138979583, "side": "sell", "size": "4767.10000000", "price": "0.20168000", "time": "2025-07-14T14:38:41.665658Z", "fetched_at": "2025-07-14T14:39:31.847893+00:00", "symbol": "DOGE-USD"}, {"trade_id": 138979582, "side": "sell", "size": "894.20000000", "price": "0.20165000", "time": "2025-07-14T14:38:38.974546Z", "fetched_at": "2025-07-14T14:39:31.847893+00:00", "symbol": "DOGE-USD"}, {"trade_id": 138979581, "side": "buy", "size": "249.80000000", "price": "0.20163000", "time": "2025-07-14T14:38:38.712171Z", "fetched_at": "2025-07-14T14:39:31.847893+00:00", "symbol": "DOGE-USD"}, {"trade_id": 138979580, "side": "buy", "size": "249.80000000", "price": "0.20164000", "time": "2025-07-14T14:38:38.697937Z", "fetched_at": "2025-07-14T14:39:31.847893+00:00", "symbol": "DOGE-USD"}, {"trade_id": 138979579, "side": "buy", "size": "249.80000000", "price": "0.20159000", "time": "2025-07-14T14:38:38.368768Z", "fetched_at": "2025-07-14T14:39:31.847893+00:00", "symbol": "DOGE-USD"}, {"trade_id": 138979578, "side": "buy", "size": "249.80000000", "price": "0.20159000", "time": "2025-07-14T14:38:38.358679Z", "fetched_at": "2025-07-14T14:39:31.847893+00:00", "symbol": "DOGE-USD"}, {"trade_id": 138979577, "side": "buy", "size": "249.80000000", "price": "0.20159000", "time": "2025-07-14T14:38:38.337277Z", "fetched_at": "2025-07-14T14:39:31.847893+00:00", "symbol": "DOGE-USD"}, {"trade_id": 138979576, "side": "buy", "size": "249.80000000", "price": "0.20159000", "time": "2025-07-14T14:38:38.315334Z", "fetched_at": "2025-07-14T14:39:31.847893+00:00", "symbol": "DOGE-USD"}, {"trade_id": 138979575, "side": "buy", "size": "249.80000000", "price": "0.20157000", "time": "2025-07-14T14:38:38.278460Z", "fetched_at": "2025-07-14T14:39:31.847893+00:00", "symbol": "DOGE-USD"}, {"trade_id": 138979574, "side": "buy", "size": "374.70000000", "price": "0.20155000", "time": "2025-07-14T14:38:38.237075Z", "fetched_at": "2025-07-14T14:39:31.847893+00:00", "symbol": "DOGE-USD"}, {"trade_id": 138979573, "side": "buy", "size": "249.80000000", "price": "0.20154000", "time": "2025-07-14T14:38:38.226688Z", "fetched_at": "2025-07-14T14:39:31.847893+00:00", "symbol": "DOGE-USD"}, {"trade_id": 138979572, "side": "buy", "size": "249.80000000", "price": "0.20153000", "time": "2025-07-14T14:38:38.183519Z", "fetched_at": "2025-07-14T14:39:31.847893+00:00", "symbol": "DOGE-USD"}, {"trade_id": 138979571, "side": "buy", "size": "249.80000000", "price": "0.20155000", "time": "2025-07-14T14:38:38.087332Z", "fetched_at": "2025-07-14T14:39:31.847893+00:00", "symbol": "DOGE-USD"}, {"trade_id": 138979570, "side": "buy", "size": "249.80000000", "price": "0.20154000", "time": "2025-07-14T14:38:37.636306Z", "fetched_at": "2025-07-14T14:39:31.847893+00:00", "symbol": "DOGE-USD"}, {"trade_id": 138979569, "side": "buy", "size": "249.80000000", "price": "0.20152000", "time": "2025-07-14T14:38:37.561929Z", "fetched_at": "2025-07-14T14:39:31.847893+00:00", "symbol": "DOGE-USD"}, {"trade_id": 138979568, "side": "buy", "size": "5.50000000", "price": "0.20152000", "time": "2025-07-14T14:38:37.551095Z", "fetched_at": "2025-07-14T14:39:31.847893+00:00", "symbol": "DOGE-USD"}, {"trade_id": 138979567, "side": "buy", "size": "451.20000000", "price": "0.20154000", "time": "2025-07-14T14:38:37.516948Z", "fetched_at": "2025-07-14T14:39:31.847893+00:00", "symbol": "DOGE-USD"}, {"trade_id": 138979566, "side": "buy", "size": "72.90000000", "price": "0.20155000", "time": "2025-07-14T14:38:37.449605Z", "fetched_at": "2025-07-14T14:39:31.847893+00:00", "symbol": "DOGE-USD"}, {"trade_id": 138979565, "side": "buy", "size": "333.50000000", "price": "0.20155000", "time": "2025-07-14T14:38:37.449605Z", "fetched_at": "2025-07-14T14:39:31.847893+00:00", "symbol": "DOGE-USD"}, {"trade_id": 138979564, "side": "buy", "size": "5.50000000", "price": "0.20156000", "time": "2025-07-14T14:38:37.449605Z", "fetched_at": "2025-07-14T14:39:31.847893+00:00", "symbol": "DOGE-USD"}, {"trade_id": 138979563, "side": "sell", "size": "70.20000000", "price": "0.20157000", "time": "2025-07-14T14:38:37.391767Z", "fetched_at": "2025-07-14T14:39:31.847893+00:00", "symbol": "DOGE-USD"}, {"trade_id": 138979562, "side": "buy", "size": "2127.30000000", "price": "0.20159000", "time": "2025-07-14T14:38:37.256827Z", "fetched_at": "2025-07-14T14:39:31.847893+00:00", "symbol": "DOGE-USD"}, {"trade_id": 138979561, "side": "buy", "size": "5.50000000", "price": "0.20160000", "time": "2025-07-14T14:38:37.253260Z", "fetched_at": "2025-07-14T14:39:31.847893+00:00", "symbol": "DOGE-USD"}, {"trade_id": 138979560, "side": "buy", "size": "6.90000000", "price": "0.20161000", "time": "2025-07-14T14:38:37.225783Z", "fetched_at": "2025-07-14T14:39:31.847893+00:00", "symbol": "DOGE-USD"}, {"trade_id": 138979559, "side": "buy", "size": "347.30000000", "price": "0.20161000", "time": "2025-07-14T14:38:37.225783Z", "fetched_at": "2025-07-14T14:39:31.847893+00:00", "symbol": "DOGE-USD"}, {"trade_id": 138979558, "side": "buy", "size": "6.00000000", "price": "0.20161000", "time": "2025-07-14T14:38:37.225783Z", "fetched_at": "2025-07-14T14:39:31.847893+00:00", "symbol": "DOGE-USD"}, {"trade_id": 138979557, "side": "buy", "size": "6.00000000", "price": "0.20162000", "time": "2025-07-14T14:38:37.211114Z", "fetched_at": "2025-07-14T14:39:31.847893+00:00", "symbol": "DOGE-USD"}, {"trade_id": 138979556, "side": "buy", "size": "174.00000000", "price": "0.20163000", "time": "2025-07-14T14:38:37.201002Z", "fetched_at": "2025-07-14T14:39:31.847893+00:00", "symbol": "DOGE-USD"}, {"trade_id": 138979555, "side": "buy", "size": "11.10000000", "price": "0.20163000", "time": "2025-07-14T14:38:37.201002Z", "fetched_at": "2025-07-14T14:39:31.847893+00:00", "symbol": "DOGE-USD"}, {"trade_id": 138979554, "side": "buy", "size": "5.50000000", "price": "0.20164000", "time": "2025-07-14T14:38:37.152932Z", "fetched_at": "2025-07-14T14:39:31.847893+00:00", "symbol": "DOGE-USD"}, {"trade_id": 138979553, "side": "buy", "size": "181.30000000", "price": "0.20166000", "time": "2025-07-14T14:38:37.120032Z", "fetched_at": "2025-07-14T14:39:31.847893+00:00", "symbol": "DOGE-USD"}, {"trade_id": 138979552, "side": "sell", "size": "33.50000000", "price": "0.20167000", "time": "2025-07-14T14:38:36.775045Z", "fetched_at": "2025-07-14T14:39:31.847893+00:00", "symbol": "DOGE-USD"}, {"trade_id": 138979551, "side": "buy", "size": "2750.70000000", "price": "0.20167000", "time": "2025-07-14T14:38:36.645603Z", "fetched_at": "2025-07-14T14:39:31.847893+00:00", "symbol": "DOGE-USD"}, {"trade_id": 138979550, "side": "sell", "size": "252.10000000", "price": "0.20165000", "time": "2025-07-14T14:38:36.641522Z", "fetched_at": "2025-07-14T14:39:31.847893+00:00", "symbol": "DOGE-USD"}, {"trade_id": 138979549, "side": "buy", "size": "413.40000000", "price": "0.20166000", "time": "2025-07-14T14:38:36.618818Z", "fetched_at": "2025-07-14T14:39:31.847893+00:00", "symbol": "DOGE-USD"}, {"trade_id": 138979548, "side": "buy", "size": "1308.20000000", "price": "0.20166000", "time": "2025-07-14T14:38:36.618818Z", "fetched_at": "2025-07-14T14:39:31.847893+00:00", "symbol": "DOGE-USD"}, {"trade_id": 138979547, "side": "buy", "size": "41.50000000", "price": "0.20166000", "time": "2025-07-14T14:38:36.294529Z", "fetched_at": "2025-07-14T14:39:31.847893+00:00", "symbol": "DOGE-USD"}, {"trade_id": 138979546, "side": "buy", "size": "21.40000000", "price": "0.20167000", "time": "2025-07-14T14:38:36.289813Z", "fetched_at": "2025-07-14T14:39:31.847893+00:00", "symbol": "DOGE-USD"}, {"trade_id": 138979545, "side": "buy", "size": "3821.80000000", "price": "0.20167000", "time": "2025-07-14T14:38:36.273218Z", "fetched_at": "2025-07-14T14:39:31.847893+00:00", "symbol": "DOGE-USD"}, {"trade_id": 138979544, "side": "buy", "size": "6639.00000000", "price": "0.20167000", "time": "2025-07-14T14:38:36.272674Z", "fetched_at": "2025-07-14T14:39:31.847893+00:00", "symbol": "DOGE-USD"}, {"trade_id": 138979543, "side": "buy", "size": "2323.90000000", "price": "0.20167000", "time": "2025-07-14T14:38:36.272674Z", "fetched_at": "2025-07-14T14:39:31.847893+00:00", "symbol": "DOGE-USD"}, {"trade_id": 138979542, "side": "buy", "size": "559.70000000", "price": "0.20167000", "time": "2025-07-14T14:38:36.272674Z", "fetched_at": "2025-07-14T14:39:31.847893+00:00", "symbol": "DOGE-USD"}, {"trade_id": 138979541, "side": "buy", "size": "15.10000000", "price": "0.20167000", "time": "2025-07-14T14:38:36.272674Z", "fetched_at": "2025-07-14T14:39:31.847893+00:00", "symbol": "DOGE-USD"}, {"trade_id": 138979540, "side": "buy", "size": "7.20000000", "price": "0.20167000", "time": "2025-07-14T14:38:36.272674Z", "fetched_at": "2025-07-14T14:39:31.847893+00:00", "symbol": "DOGE-USD"}, {"trade_id": 138979539, "side": "buy", "size": "500.10000000", "price": "0.20168000", "time": "2025-07-14T14:38:36.272674Z", "fetched_at": "2025-07-14T14:39:31.847893+00:00", "symbol": "DOGE-USD"}, {"trade_id": 138979538, "side": "buy", "size": "340.90000000", "price": "0.20168000", "time": "2025-07-14T14:38:36.272128Z", "fetched_at": "2025-07-14T14:39:31.847893+00:00", "symbol": "DOGE-USD"}, {"trade_id": 138979537, "side": "buy", "size": "12654.00000000", "price": "0.20168000", "time": "2025-07-14T14:38:36.272128Z", "fetched_at": "2025-07-14T14:39:31.847893+00:00", "symbol": "DOGE-USD"}, {"trade_id": 138979536, "side": "buy", "size": "5.50000000", "price": "0.20168000", "time": "2025-07-14T14:38:36.272128Z", "fetched_at": "2025-07-14T14:39:31.847893+00:00", "symbol": "DOGE-USD"}, {"trade_id": 138979535, "side": "buy", "size": "735.10000000", "price": "0.20168000", "time": "2025-07-14T14:38:36.272128Z", "fetched_at": "2025-07-14T14:39:31.847893+00:00", "symbol": "DOGE-USD"}, {"trade_id": 138979534, "side": "buy", "size": "20.70000000", "price": "0.20168000", "time": "2025-07-14T14:38:36.272128Z", "fetched_at": "2025-07-14T14:39:31.847893+00:00", "symbol": "DOGE-USD"}, {"trade_id": 138979533, "side": "buy", "size": "5.30000000", "price": "0.20168000", "time": "2025-07-14T14:38:36.272128Z", "fetched_at": "2025-07-14T14:39:31.847893+00:00", "symbol": "DOGE-USD"}, {"trade_id": 138979532, "side": "buy", "size": "1855.40000000", "price": "0.20169000", "time": "2025-07-14T14:38:36.272128Z", "fetched_at": "2025-07-14T14:39:31.847893+00:00", "symbol": "DOGE-USD"}, {"trade_id": 138979531, "side": "buy", "size": "810.00000000", "price": "0.20169000", "time": "2025-07-14T14:38:36.272128Z", "fetched_at": "2025-07-14T14:39:31.847893+00:00", "symbol": "DOGE-USD"}, {"trade_id": 138979530, "side": "buy", "size": "250.30000000", "price": "0.20173000", "time": "2025-07-14T14:38:36.272128Z", "fetched_at": "2025-07-14T14:39:31.847893+00:00", "symbol": "DOGE-USD"}, {"trade_id": 138979529, "side": "buy", "size": "249.80000000", "price": "0.20176000", "time": "2025-07-14T14:38:36.272128Z", "fetched_at": "2025-07-14T14:39:31.847893+00:00", "symbol": "DOGE-USD"}, {"trade_id": 138979528, "side": "buy", "size": "1006.50000000", "price": "0.20170000", "time": "2025-07-14T14:38:35.799656Z", "fetched_at": "2025-07-14T14:39:31.847893+00:00", "symbol": "DOGE-USD"}, {"trade_id": 138979527, "side": "buy", "size": "247.90000000", "price": "0.20170000", "time": "2025-07-14T14:38:35.799656Z", "fetched_at": "2025-07-14T14:39:31.847893+00:00", "symbol": "DOGE-USD"}, {"trade_id": 138979526, "side": "buy", "size": "11.90000000", "price": "0.20170000", "time": "2025-07-14T14:38:35.799656Z", "fetched_at": "2025-07-14T14:39:31.847893+00:00", "symbol": "DOGE-USD"}, {"trade_id": 138979525, "side": "buy", "size": "98.40000000", "price": "0.20170000", "time": "2025-07-14T14:38:35.799656Z", "fetched_at": "2025-07-14T14:39:31.847893+00:00", "symbol": "DOGE-USD"}, {"trade_id": 138979524, "side": "buy", "size": "5.50000000", "price": "0.20172000", "time": "2025-07-14T14:38:35.420715Z", "fetched_at": "2025-07-14T14:39:31.847893+00:00", "symbol": "DOGE-USD"}, {"trade_id": 138979523, "side": "buy", "size": "5.50000000", "price": "0.20174000", "time": "2025-07-14T14:38:35.301582Z", "fetched_at": "2025-07-14T14:39:31.847893+00:00", "symbol": "DOGE-USD"}, {"trade_id": 138979522, "side": "buy", "size": "5.50000000", "price": "0.20176000", "time": "2025-07-14T14:38:35.001875Z", "fetched_at": "2025-07-14T14:39:31.847893+00:00", "symbol": "DOGE-USD"}, {"trade_id": 138979521, "side": "sell", "size": "380.80000000", "price": "0.20178000", "time": "2025-07-14T14:38:34.776993Z", "fetched_at": "2025-07-14T14:39:31.847893+00:00", "symbol": "DOGE-USD"}, {"trade_id": 138979520, "side": "buy", "size": "5.50000000", "price": "0.20178000", "time": "2025-07-14T14:38:34.685426Z", "fetched_at": "2025-07-14T14:39:31.847893+00:00", "symbol": "DOGE-USD"}, {"trade_id": 138979519, "side": "buy", "size": "3.70000000", "price": "0.20179000", "time": "2025-07-14T14:38:34.685426Z", "fetched_at": "2025-07-14T14:39:31.847893+00:00", "symbol": "DOGE-USD"}, {"trade_id": 138979518, "side": "buy", "size": "5.50000000", "price": "0.20180000", "time": "2025-07-14T14:38:34.537449Z", "fetched_at": "2025-07-14T14:39:31.847893+00:00", "symbol": "DOGE-USD"}, {"trade_id": 138979517, "side": "buy", "size": "487.90000000", "price": "0.20181000", "time": "2025-07-14T14:38:34.507666Z", "fetched_at": "2025-07-14T14:39:31.847893+00:00", "symbol": "DOGE-USD"}, {"trade_id": 138979516, "side": "buy", "size": "1113.30000000", "price": "0.20181000", "time": "2025-07-14T14:38:34.270284Z", "fetched_at": "2025-07-14T14:39:31.847893+00:00", "symbol": "DOGE-USD"}, {"trade_id": 138979515, "side": "buy", "size": "5.50000000", "price": "0.20182000", "time": "2025-07-14T14:38:34.248754Z", "fetched_at": "2025-07-14T14:39:31.847893+00:00", "symbol": "DOGE-USD"}, {"trade_id": 138979514, "side": "buy", "size": "5.50000000", "price": "0.20184000", "time": "2025-07-14T14:38:34.195347Z", "fetched_at": "2025-07-14T14:39:31.847893+00:00", "symbol": "DOGE-USD"}, {"trade_id": 138979513, "side": "buy", "size": "5.50000000", "price": "0.20186000", "time": "2025-07-14T14:38:33.952412Z", "fetched_at": "2025-07-14T14:39:31.847893+00:00", "symbol": "DOGE-USD"}, {"trade_id": 138979512, "side": "sell", "size": "38.30000000", "price": "0.20192000", "time": "2025-07-14T14:38:33.494881Z", "fetched_at": "2025-07-14T14:39:31.847893+00:00", "symbol": "DOGE-USD"}, {"trade_id": 138979511, "side": "buy", "size": "249.80000000", "price": "0.20193000", "time": "2025-07-14T14:38:33.215598Z", "fetched_at": "2025-07-14T14:39:31.847893+00:00", "symbol": "DOGE-USD"}, {"trade_id": 138979510, "side": "buy", "size": "249.80000000", "price": "0.20192000", "time": "2025-07-14T14:38:33.138057Z", "fetched_at": "2025-07-14T14:39:31.847893+00:00", "symbol": "DOGE-USD"}, {"trade_id": 138979509, "side": "buy", "size": "5.50000000", "price": "0.20190000", "time": "2025-07-14T14:38:32.648584Z", "fetched_at": "2025-07-14T14:39:31.847893+00:00", "symbol": "DOGE-USD"}, {"trade_id": 138979508, "side": "buy", "size": "5.50000000", "price": "0.20188000", "time": "2025-07-14T14:38:29.720164Z", "fetched_at": "2025-07-14T14:39:31.847893+00:00", "symbol": "DOGE-USD"}, {"trade_id": 138979507, "side": "buy", "size": "5.50000000", "price": "0.20190000", "time": "2025-07-14T14:38:29.705159Z", "fetched_at": "2025-07-14T14:39:31.847893+00:00", "symbol": "DOGE-USD"}, {"trade_id": 138979506, "side": "buy", "size": "5.50000000", "price": "0.20192000", "time": "2025-07-14T14:38:29.681898Z", "fetched_at": "2025-07-14T14:39:31.847893+00:00", "symbol": "DOGE-USD"}, {"trade_id": 138979505, "side": "sell", "size": "1407.40000000", "price": "0.20193000", "time": "2025-07-14T14:38:29.573074Z", "fetched_at": "2025-07-14T14:39:31.847893+00:00", "symbol": "DOGE-USD"}, {"trade_id": 138979504, "side": "sell", "size": "1340.80000000", "price": "0.20193000", "time": "2025-07-14T14:38:29.573074Z", "fetched_at": "2025-07-14T14:39:31.847893+00:00", "symbol": "DOGE-USD"}, {"trade_id": 138979503, "side": "sell", "size": "183.00000000", "price": "0.20193000", "time": "2025-07-14T14:38:29.573074Z", "fetched_at": "2025-07-14T14:39:31.847893+00:00", "symbol": "DOGE-USD"}, {"trade_id": 138979502, "side": "sell", "size": "810.00000000", "price": "0.20193000", "time": "2025-07-14T14:38:29.573074Z", "fetched_at": "2025-07-14T14:39:31.847893+00:00", "symbol": "DOGE-USD"}, {"trade_id": 138979501, "side": "sell", "size": "252.10000000", "price": "0.20193000", "time": "2025-07-14T14:38:29.573074Z", "fetched_at": "2025-07-14T14:39:31.847893+00:00", "symbol": "DOGE-USD"}, {"trade_id": 138979500, "side": "buy", "size": "5.50000000", "price": "0.20196000", "time": "2025-07-14T14:38:29.274746Z", "fetched_at": "2025-07-14T14:39:31.847893+00:00", "symbol": "DOGE-USD"}, {"trade_id": 138979499, "side": "buy", "size": "5.50000000", "price": "0.20200000", "time": "2025-07-14T14:38:29.107592Z", "fetched_at": "2025-07-14T14:39:31.847893+00:00", "symbol": "DOGE-USD"}, {"trade_id": 138979498, "side": "sell", "size": "184.40000000", "price": "0.20201000", "time": "2025-07-14T14:38:28.869570Z", "fetched_at": "2025-07-14T14:39:31.847893+00:00", "symbol": "DOGE-USD"}, {"trade_id": 138979497, "side": "buy", "size": "3596.40000000", "price": "0.20201000", "time": "2025-07-14T14:38:28.645087Z", "fetched_at": "2025-07-14T14:39:31.847893+00:00", "symbol": "DOGE-USD"}, {"trade_id": 138979496, "side": "buy", "size": "13.60000000", "price": "0.20204000", "time": "2025-07-14T14:38:28.576926Z", "fetched_at": "2025-07-14T14:39:31.847893+00:00", "symbol": "DOGE-USD"}, {"trade_id": 138979495, "side": "buy", "size": "249.80000000", "price": "0.20205000", "time": "2025-07-14T14:38:28.481914Z", "fetched_at": "2025-07-14T14:39:31.847893+00:00", "symbol": "DOGE-USD"}, {"trade_id": 138979494, "side": "buy", "size": "2983.50000000", "price": "0.20206000", "time": "2025-07-14T14:38:28.335528Z", "fetched_at": "2025-07-14T14:39:31.847893+00:00", "symbol": "DOGE-USD"}, {"trade_id": 138979493, "side": "buy", "size": "249.80000000", "price": "0.20213000", "time": "2025-07-14T14:38:27.179661Z", "fetched_at": "2025-07-14T14:39:31.847893+00:00", "symbol": "DOGE-USD"}, {"trade_id": 138979492, "side": "sell", "size": "5.50000000", "price": "0.20212000", "time": "2025-07-14T14:38:27.067883Z", "fetched_at": "2025-07-14T14:39:31.847893+00:00", "symbol": "DOGE-USD"}, {"trade_id": 138979491, "side": "sell", "size": "5.50000000", "price": "0.20210000", "time": "2025-07-14T14:38:26.990974Z", "fetched_at": "2025-07-14T14:39:31.847893+00:00", "symbol": "DOGE-USD"}, {"trade_id": 138979490, "side": "sell", "size": "5.50000000", "price": "0.20208000", "time": "2025-07-14T14:38:26.988913Z", "fetched_at": "2025-07-14T14:39:31.847893+00:00", "symbol": "DOGE-USD"}, {"trade_id": 138979489, "side": "sell", "size": "5.50000000", "price": "0.20206000", "time": "2025-07-14T14:38:26.935306Z", "fetched_at": "2025-07-14T14:39:31.847893+00:00", "symbol": "DOGE-USD"}, {"trade_id": 138979488, "side": "buy", "size": "249.80000000", "price": "0.20201000", "time": "2025-07-14T14:38:22.643271Z", "fetched_at": "2025-07-14T14:39:31.847893+00:00", "symbol": "DOGE-USD"}, {"trade_id": 138979487, "side": "sell", "size": "9902.70000000", "price": "0.20206000", "time": "2025-07-14T14:38:22.264906Z", "fetched_at": "2025-07-14T14:39:31.847893+00:00", "symbol": "DOGE-USD"}, {"trade_id": 138979486, "side": "sell", "size": "3538.90000000", "price": "0.20206000", "time": "2025-07-14T14:38:22.264906Z", "fetched_at": "2025-07-14T14:39:31.847893+00:00", "symbol": "DOGE-USD"}, {"trade_id": 138979485, "side": "sell", "size": "810.00000000", "price": "0.20206000", "time": "2025-07-14T14:38:22.264906Z", "fetched_at": "2025-07-14T14:39:31.847893+00:00", "symbol": "DOGE-USD"}, {"trade_id": 138979484, "side": "sell", "size": "5.50000000", "price": "0.20206000", "time": "2025-07-14T14:38:22.264906Z", "fetched_at": "2025-07-14T14:39:31.847893+00:00", "symbol": "DOGE-USD"}, {"trade_id": 138979483, "side": "sell", "size": "5901.00000000", "price": "0.20205000", "time": "2025-07-14T14:38:22.264906Z", "fetched_at": "2025-07-14T14:39:31.847893+00:00", "symbol": "DOGE-USD"}, {"trade_id": 138979482, "side": "sell", "size": "4459.10000000", "price": "0.20204000", "time": "2025-07-14T14:38:22.264906Z", "fetched_at": "2025-07-14T14:39:31.847893+00:00", "symbol": "DOGE-USD"}, {"trade_id": 138979481, "side": "sell", "size": "10000.00000000", "price": "0.20204000", "time": "2025-07-14T14:38:22.264906Z", "fetched_at": "2025-07-14T14:39:31.847893+00:00", "symbol": "DOGE-USD"}, {"trade_id": 138979480, "side": "sell", "size": "5.50000000", "price": "0.20204000", "time": "2025-07-14T14:38:22.264906Z", "fetched_at": "2025-07-14T14:39:31.847893+00:00", "symbol": "DOGE-USD"}, {"trade_id": 138979479, "side": "sell", "size": "5901.00000000", "price": "0.20203000", "time": "2025-07-14T14:38:22.264906Z", "fetched_at": "2025-07-14T14:39:31.847893+00:00", "symbol": "DOGE-USD"}, {"trade_id": 138979478, "side": "sell", "size": "2500.00000000", "price": "0.20203000", "time": "2025-07-14T14:38:22.264906Z", "fetched_at": "2025-07-14T14:39:31.847893+00:00", "symbol": "DOGE-USD"}, {"trade_id": 138979477, "side": "sell", "size": "6003.30000000", "price": "0.20203000", "time": "2025-07-14T14:38:22.264906Z", "fetched_at": "2025-07-14T14:39:31.847893+00:00", "symbol": "DOGE-USD"}, {"trade_id": 138979476, "side": "sell", "size": "3341.10000000", "price": "0.20202000", "time": "2025-07-14T14:38:22.264906Z", "fetched_at": "2025-07-14T14:39:31.847893+00:00", "symbol": "DOGE-USD"}, {"trade_id": 138979475, "side": "sell", "size": "2973.20000000", "price": "0.20202000", "time": "2025-07-14T14:38:22.264906Z", "fetched_at": "2025-07-14T14:39:31.847893+00:00", "symbol": "DOGE-USD"}, {"trade_id": 138979474, "side": "sell", "size": "1596.40000000", "price": "0.20202000", "time": "2025-07-14T14:38:22.264906Z", "fetched_at": "2025-07-14T14:39:31.847893+00:00", "symbol": "DOGE-USD"}, {"trade_id": 138979473, "side": "sell", "size": "1360.70000000", "price": "0.20202000", "time": "2025-07-14T14:38:22.264906Z", "fetched_at": "2025-07-14T14:39:31.847893+00:00", "symbol": "DOGE-USD"}, {"trade_id": 138979472, "side": "sell", "size": "1500.00000000", "price": "0.20202000", "time": "2025-07-14T14:38:22.264906Z", "fetched_at": "2025-07-14T14:39:31.847893+00:00", "symbol": "DOGE-USD"}, {"trade_id": 138979471, "side": "sell", "size": "20500.60000000", "price": "0.20202000", "time": "2025-07-14T14:38:22.264906Z", "fetched_at": "2025-07-14T14:39:31.847893+00:00", "symbol": "DOGE-USD"}, {"trade_id": 138979470, "side": "sell", "size": "13159.60000000", "price": "0.20201000", "time": "2025-07-14T14:38:22.264906Z", "fetched_at": "2025-07-14T14:39:31.847893+00:00", "symbol": "DOGE-USD"}, {"trade_id": 138979469, "side": "sell", "size": "1444.90000000", "price": "0.20200000", "time": "2025-07-14T14:38:22.264906Z", "fetched_at": "2025-07-14T14:39:31.847893+00:00", "symbol": "DOGE-USD"}, {"trade_id": 138979468, "side": "sell", "size": "1298.80000000", "price": "0.20198000", "time": "2025-07-14T14:38:22.264906Z", "fetched_at": "2025-07-14T14:39:31.847893+00:00", "symbol": "DOGE-USD"}, {"trade_id": 138979467, "side": "buy", "size": "249.80000000", "price": "0.20195000", "time": "2025-07-14T14:38:21.568545Z", "fetched_at": "2025-07-14T14:39:31.847893+00:00", "symbol": "DOGE-USD"}, {"trade_id": 138979466, "side": "sell", "size": "25.90000000", "price": "0.20201000", "time": "2025-07-14T14:38:19.420839Z", "fetched_at": "2025-07-14T14:39:31.847893+00:00", "symbol": "DOGE-USD"}, {"trade_id": 138979465, "side": "sell", "size": "5.50000000", "price": "0.20204000", "time": "2025-07-14T14:38:18.273503Z", "fetched_at": "2025-07-14T14:39:31.847893+00:00", "symbol": "DOGE-USD"}, {"trade_id": 138979464, "side": "buy", "size": "741.40000000", "price": "0.20196000", "time": "2025-07-14T14:38:17.105921Z", "fetched_at": "2025-07-14T14:39:31.847893+00:00", "symbol": "DOGE-USD"}, {"trade_id": 138979463, "side": "buy", "size": "249.80000000", "price": "0.20199000", "time": "2025-07-14T14:38:17.105921Z", "fetched_at": "2025-07-14T14:39:31.847893+00:00", "symbol": "DOGE-USD"}, {"trade_id": 138979462, "side": "sell", "size": "13440.00000000", "price": "0.20207000", "time": "2025-07-14T14:38:14.093634Z", "fetched_at": "2025-07-14T14:39:31.847893+00:00", "symbol": "DOGE-USD"}, {"trade_id": 138979461, "side": "sell", "size": "15712.90000000", "price": "0.20206000", "time": "2025-07-14T14:38:14.093634Z", "fetched_at": "2025-07-14T14:39:31.847893+00:00", "symbol": "DOGE-USD"}, {"trade_id": 138979460, "side": "sell", "size": "2970.00000000", "price": "0.20206000", "time": "2025-07-14T14:38:14.093634Z", "fetched_at": "2025-07-14T14:39:31.847893+00:00", "symbol": "DOGE-USD"}, {"trade_id": 138979459, "side": "sell", "size": "14916.10000000", "price": "0.20206000", "time": "2025-07-14T14:38:14.093634Z", "fetched_at": "2025-07-14T14:39:31.847893+00:00", "symbol": "DOGE-USD"}, {"trade_id": 138979458, "side": "sell", "size": "5898.40000000", "price": "0.20205000", "time": "2025-07-14T14:38:14.093634Z", "fetched_at": "2025-07-14T14:39:31.847893+00:00", "symbol": "DOGE-USD"}, {"trade_id": 138979457, "side": "sell", "size": "1782.00000000", "price": "0.20205000", "time": "2025-07-14T14:38:14.093634Z", "fetched_at": "2025-07-14T14:39:31.847893+00:00", "symbol": "DOGE-USD"}, {"trade_id": 138979456, "side": "sell", "size": "1294.80000000", "price": "0.20205000", "time": "2025-07-14T14:38:14.093634Z", "fetched_at": "2025-07-14T14:39:31.847893+00:00", "symbol": "DOGE-USD"}, {"trade_id": 138979455, "side": "sell", "size": "810.00000000", "price": "0.20205000", "time": "2025-07-14T14:38:14.093634Z", "fetched_at": "2025-07-14T14:39:31.847893+00:00", "symbol": "DOGE-USD"}, {"trade_id": 138979454, "side": "sell", "size": "4801.90000000", "price": "0.20204000", "time": "2025-07-14T14:38:14.093634Z", "fetched_at": "2025-07-14T14:39:31.847893+00:00", "symbol": "DOGE-USD"}, {"trade_id": 138979453, "side": "sell", "size": "5.50000000", "price": "0.20204000", "time": "2025-07-14T14:38:14.093634Z", "fetched_at": "2025-07-14T14:39:31.847893+00:00", "symbol": "DOGE-USD"}, {"trade_id": 138979452, "side": "sell", "size": "1558.40000000", "price": "0.20202000", "time": "2025-07-14T14:38:14.093634Z", "fetched_at": "2025-07-14T14:39:31.847893+00:00", "symbol": "DOGE-USD"}, {"trade_id": 138979451, "side": "sell", "size": "5.50000000", "price": "0.20202000", "time": "2025-07-14T14:38:14.093634Z", "fetched_at": "2025-07-14T14:39:31.847893+00:00", "symbol": "DOGE-USD"}, {"trade_id": 138979450, "side": "sell", "size": "30.60000000", "price": "0.20197000", "time": "2025-07-14T14:38:13.619807Z", "fetched_at": "2025-07-14T14:39:31.847893+00:00", "symbol": "DOGE-USD"}, {"trade_id": 138979449, "side": "sell", "size": "5.50000000", "price": "0.20200000", "time": "2025-07-14T14:38:13.385345Z", "fetched_at": "2025-07-14T14:39:31.847893+00:00", "symbol": "DOGE-USD"}, {"trade_id": 138979448, "side": "buy", "size": "48.30000000", "price": "0.20198000", "time": "2025-07-14T14:38:12.500856Z", "fetched_at": "2025-07-14T14:39:31.847893+00:00", "symbol": "DOGE-USD"}, {"trade_id": 138979447, "side": "sell", "size": "5.50000000", "price": "0.20196000", "time": "2025-07-14T14:38:12.298407Z", "fetched_at": "2025-07-14T14:39:31.847893+00:00", "symbol": "DOGE-USD"}, {"trade_id": 138979446, "side": "sell", "size": "5.50000000", "price": "0.20194000", "time": "2025-07-14T14:38:12.144970Z", "fetched_at": "2025-07-14T14:39:31.847893+00:00", "symbol": "DOGE-USD"}, {"trade_id": 138979445, "side": "sell", "size": "5.50000000", "price": "0.20192000", "time": "2025-07-14T14:38:11.966682Z", "fetched_at": "2025-07-14T14:39:31.847893+00:00", "symbol": "DOGE-USD"}, {"trade_id": 138979444, "side": "sell", "size": "5.50000000", "price": "0.20190000", "time": "2025-07-14T14:38:10.810967Z", "fetched_at": "2025-07-14T14:39:31.847893+00:00", "symbol": "DOGE-USD"}, {"trade_id": 138979443, "side": "sell", "size": "5.50000000", "price": "0.20188000", "time": "2025-07-14T14:38:10.758850Z", "fetched_at": "2025-07-14T14:39:31.847893+00:00", "symbol": "DOGE-USD"}, {"trade_id": 138979442, "side": "sell", "size": "269.20000000", "price": "0.20187000", "time": "2025-07-14T14:38:10.559412Z", "fetched_at": "2025-07-14T14:39:31.847893+00:00", "symbol": "DOGE-USD"}, {"trade_id": 138979441, "side": "sell", "size": "55.10000000", "price": "0.20187000", "time": "2025-07-14T14:38:08.916300Z", "fetched_at": "2025-07-14T14:39:31.847893+00:00", "symbol": "DOGE-USD"}, {"trade_id": 138979440, "side": "buy", "size": "1183.50000000", "price": "0.20182000", "time": "2025-07-14T14:38:08.854604Z", "fetched_at": "2025-07-14T14:39:31.847893+00:00", "symbol": "DOGE-USD"}, {"trade_id": 138979439, "side": "sell", "size": "5.50000000", "price": "0.20188000", "time": "2025-07-14T14:38:07.169162Z", "fetched_at": "2025-07-14T14:39:31.847893+00:00", "symbol": "DOGE-USD"}, {"trade_id": 138979438, "side": "sell", "size": "5.50000000", "price": "0.20186000", "time": "2025-07-14T14:38:06.952352Z", "fetched_at": "2025-07-14T14:39:31.847893+00:00", "symbol": "DOGE-USD"}, {"trade_id": 138979437, "side": "sell", "size": "5.50000000", "price": "0.20184000", "time": "2025-07-14T14:38:06.505758Z", "fetched_at": "2025-07-14T14:39:31.847893+00:00", "symbol": "DOGE-USD"}, {"trade_id": 138979436, "side": "buy", "size": "249.80000000", "price": "0.20181000", "time": "2025-07-14T14:38:06.447343Z", "fetched_at": "2025-07-14T14:39:31.847893+00:00", "symbol": "DOGE-USD"}, {"trade_id": 138979435, "side": "buy", "size": "249.80000000", "price": "0.20180000", "time": "2025-07-14T14:38:06.432799Z", "fetched_at": "2025-07-14T14:39:31.847893+00:00", "symbol": "DOGE-USD"}, {"trade_id": 138979434, "side": "buy", "size": "1437.70000000", "price": "0.20178000", "time": "2025-07-14T14:38:06.287966Z", "fetched_at": "2025-07-14T14:39:31.847893+00:00", "symbol": "DOGE-USD"}, {"trade_id": 138979433, "side": "sell", "size": "147.40000000", "price": "0.20174000", "time": "2025-07-14T14:38:04.147049Z", "fetched_at": "2025-07-14T14:39:31.847893+00:00", "symbol": "DOGE-USD"}, {"trade_id": 138979432, "side": "buy", "size": "5.50000000", "price": "0.20174000", "time": "2025-07-14T14:38:03.503734Z", "fetched_at": "2025-07-14T14:39:31.847893+00:00", "symbol": "DOGE-USD"}, {"trade_id": 138979431, "side": "buy", "size": "100.00000000", "price": "0.20174000", "time": "2025-07-14T14:38:03.503734Z", "fetched_at": "2025-07-14T14:39:31.847893+00:00", "symbol": "DOGE-USD"}, {"trade_id": 138979430, "side": "buy", "size": "991.30000000", "price": "0.20174000", "time": "2025-07-14T14:38:03.503734Z", "fetched_at": "2025-07-14T14:39:31.847893+00:00", "symbol": "DOGE-USD"}, {"trade_id": 138979429, "side": "sell", "size": "2924.80000000", "price": "0.20179000", "time": "2025-07-14T14:38:02.740717Z", "fetched_at": "2025-07-14T14:39:31.847893+00:00", "symbol": "DOGE-USD"}, {"trade_id": 138979428, "side": "sell", "size": "270.70000000", "price": "0.20179000", "time": "2025-07-14T14:38:02.740037Z", "fetched_at": "2025-07-14T14:39:31.847893+00:00", "symbol": "DOGE-USD"}, {"trade_id": 138979427, "side": "sell", "size": "2263.20000000", "price": "0.20179000", "time": "2025-07-14T14:38:02.740037Z", "fetched_at": "2025-07-14T14:39:31.847893+00:00", "symbol": "DOGE-USD"}, {"trade_id": 138979426, "side": "sell", "size": "50.70000000", "price": "0.20178000", "time": "2025-07-14T14:38:02.595530Z", "fetched_at": "2025-07-14T14:39:31.847893+00:00", "symbol": "DOGE-USD"}, {"trade_id": 138979425, "side": "sell", "size": "1480.50000000", "price": "0.20177000", "time": "2025-07-14T14:38:02.595530Z", "fetched_at": "2025-07-14T14:39:31.847893+00:00", "symbol": "DOGE-USD"}, {"trade_id": 138979424, "side": "sell", "size": "1470.00000000", "price": "0.20175000", "time": "2025-07-14T14:38:02.595530Z", "fetched_at": "2025-07-14T14:39:31.847893+00:00", "symbol": "DOGE-USD"}, {"trade_id": 138979423, "side": "buy", "size": "493.70000000", "price": "0.20175000", "time": "2025-07-14T14:38:02.339064Z", "fetched_at": "2025-07-14T14:39:31.847893+00:00", "symbol": "DOGE-USD"}, {"trade_id": 138979422, "side": "buy", "size": "495.70000000", "price": "0.20175000", "time": "2025-07-14T14:38:02.339064Z", "fetched_at": "2025-07-14T14:39:31.847893+00:00", "symbol": "DOGE-USD"}, {"trade_id": 138979421, "side": "buy", "size": "29914.50000000", "price": "0.20175000", "time": "2025-07-14T14:38:02.339064Z", "fetched_at": "2025-07-14T14:39:31.847893+00:00", "symbol": "DOGE-USD"}, {"trade_id": 138979420, "side": "buy", "size": "2991.70000000", "price": "0.20175000", "time": "2025-07-14T14:38:02.291699Z", "fetched_at": "2025-07-14T14:39:31.847893+00:00", "symbol": "DOGE-USD"}, {"trade_id": 138979419, "side": "buy", "size": "1476.90000000", "price": "0.20175000", "time": "2025-07-14T14:38:02.279375Z", "fetched_at": "2025-07-14T14:39:31.847893+00:00", "symbol": "DOGE-USD"}, {"trade_id": 138979418, "side": "buy", "size": "7876.60000000", "price": "0.20175000", "time": "2025-07-14T14:38:02.267160Z", "fetched_at": "2025-07-14T14:39:31.847893+00:00", "symbol": "DOGE-USD"}, {"trade_id": 138979417, "side": "buy", "size": "7740.30000000", "price": "0.20175000", "time": "2025-07-14T14:38:02.253739Z", "fetched_at": "2025-07-14T14:39:31.847893+00:00", "symbol": "DOGE-USD"}, {"trade_id": 138979416, "side": "buy", "size": "5.50000000", "price": "0.20176000", "time": "2025-07-14T14:38:02.040862Z", "fetched_at": "2025-07-14T14:39:31.847893+00:00", "symbol": "DOGE-USD"}, {"trade_id": 138979415, "side": "buy", "size": "219.30000000", "price": "0.20176000", "time": "2025-07-14T14:38:02.040862Z", "fetched_at": "2025-07-14T14:39:31.847893+00:00", "symbol": "DOGE-USD"}, {"trade_id": 138979414, "side": "buy", "size": "114.10000000", "price": "0.20176000", "time": "2025-07-14T14:38:02.040862Z", "fetched_at": "2025-07-14T14:39:31.847893+00:00", "symbol": "DOGE-USD"}, {"trade_id": 138979413, "side": "sell", "size": "45.30000000", "price": "0.20179000", "time": "2025-07-14T14:38:02.002021Z", "fetched_at": "2025-07-14T14:39:31.847893+00:00", "symbol": "DOGE-USD"}, {"trade_id": 138979412, "side": "buy", "size": "4756.40000000", "price": "0.20178000", "time": "2025-07-14T14:38:01.991323Z", "fetched_at": "2025-07-14T14:39:31.847893+00:00", "symbol": "DOGE-USD"}, {"trade_id": 138979411, "side": "buy", "size": "5.50000000", "price": "0.20178000", "time": "2025-07-14T14:38:01.991323Z", "fetched_at": "2025-07-14T14:39:31.847893+00:00", "symbol": "DOGE-USD"}, {"trade_id": 138979410, "side": "buy", "size": "38.10000000", "price": "0.20179000", "time": "2025-07-14T14:38:01.981032Z", "fetched_at": "2025-07-14T14:39:31.847893+00:00", "symbol": "DOGE-USD"}, {"trade_id": 138979409, "side": "buy", "size": "5.50000000", "price": "0.20180000", "time": "2025-07-14T14:38:01.970267Z", "fetched_at": "2025-07-14T14:39:31.847893+00:00", "symbol": "DOGE-USD"}, {"trade_id": 138979408, "side": "buy", "size": "1500.00000000", "price": "0.20180000", "time": "2025-07-14T14:38:01.970267Z", "fetched_at": "2025-07-14T14:39:31.847893+00:00", "symbol": "DOGE-USD"}, {"trade_id": 138979407, "side": "buy", "size": "26.00000000", "price": "0.20180000", "time": "2025-07-14T14:38:01.970267Z", "fetched_at": "2025-07-14T14:39:31.847893+00:00", "symbol": "DOGE-USD"}, {"trade_id": 138979406, "side": "buy", "size": "0.40000000", "price": "0.20182000", "time": "2025-07-14T14:38:01.957642Z", "fetched_at": "2025-07-14T14:39:31.847893+00:00", "symbol": "DOGE-USD"}, {"trade_id": 138979405, "side": "sell", "size": "36982.10000000", "price": "0.20182000", "time": "2025-07-14T14:38:00.968518Z", "fetched_at": "2025-07-14T14:39:31.847893+00:00", "symbol": "DOGE-USD"}, {"trade_id": 138979404, "side": "sell", "size": "47649.60000000", "price": "0.20182000", "time": "2025-07-14T14:38:00.947614Z", "fetched_at": "2025-07-14T14:39:31.847893+00:00", "symbol": "DOGE-USD"}, {"trade_id": 138979403, "side": "sell", "size": "1899.50000000", "price": "0.20182000", "time": "2025-07-14T14:38:00.904706Z", "fetched_at": "2025-07-14T14:39:31.847893+00:00", "symbol": "DOGE-USD"}, {"trade_id": 138979402, "side": "sell", "size": "2528.10000000", "price": "0.20182000", "time": "2025-07-14T14:38:00.902758Z", "fetched_at": "2025-07-14T14:39:31.847893+00:00", "symbol": "DOGE-USD"}, {"trade_id": 138979401, "side": "sell", "size": "4624.70000000", "price": "0.20182000", "time": "2025-07-14T14:38:00.902432Z", "fetched_at": "2025-07-14T14:39:31.847893+00:00", "symbol": "DOGE-USD"}, {"trade_id": 138979400, "side": "buy", "size": "176.10000000", "price": "0.20181000", "time": "2025-07-14T14:38:00.376227Z", "fetched_at": "2025-07-14T14:39:31.847893+00:00", "symbol": "DOGE-USD"}, {"trade_id": 138979399, "side": "buy", "size": "26.40000000", "price": "0.20181000", "time": "2025-07-14T14:38:00.376227Z", "fetched_at": "2025-07-14T14:39:31.847893+00:00", "symbol": "DOGE-USD"}, {"trade_id": 138979398, "side": "buy", "size": "369.90000000", "price": "0.20181000", "time": "2025-07-14T14:38:00.376227Z", "fetched_at": "2025-07-14T14:39:31.847893+00:00", "symbol": "DOGE-USD"}, {"trade_id": 138979397, "side": "buy", "size": "5.50000000", "price": "0.20182000", "time": "2025-07-14T14:38:00.356947Z", "fetched_at": "2025-07-14T14:39:31.847893+00:00", "symbol": "DOGE-USD"}, {"trade_id": 138979396, "side": "buy", "size": "23.30000000", "price": "0.20182000", "time": "2025-07-14T14:38:00.356947Z", "fetched_at": "2025-07-14T14:39:31.847893+00:00", "symbol": "DOGE-USD"}, {"trade_id": 138979395, "side": "buy", "size": "249.80000000", "price": "0.20184000", "time": "2025-07-14T14:38:00.189607Z", "fetched_at": "2025-07-14T14:39:31.847893+00:00", "symbol": "DOGE-USD"}, {"trade_id": 138979394, "side": "buy", "size": "5.50000000", "price": "0.20184000", "time": "2025-07-14T14:37:59.206561Z", "fetched_at": "2025-07-14T14:39:31.847893+00:00", "symbol": "DOGE-USD"}, {"trade_id": 138979393, "side": "buy", "size": "2477.20000000", "price": "0.20184000", "time": "2025-07-14T14:37:59.206561Z", "fetched_at": "2025-07-14T14:39:31.847893+00:00", "symbol": "DOGE-USD"}, {"trade_id": 138979392, "side": "buy", "size": "3001.20000000", "price": "0.20186000", "time": "2025-07-14T14:37:59.186016Z", "fetched_at": "2025-07-14T14:39:31.847893+00:00", "symbol": "DOGE-USD"}, {"trade_id": 138979391, "side": "buy", "size": "5.50000000", "price": "0.20186000", "time": "2025-07-14T14:37:59.186016Z", "fetched_at": "2025-07-14T14:39:31.847893+00:00", "symbol": "DOGE-USD"}, {"trade_id": 138979390, "side": "buy", "size": "5.50000000", "price": "0.20188000", "time": "2025-07-14T14:37:59.115016Z", "fetched_at": "2025-07-14T14:39:31.847893+00:00", "symbol": "DOGE-USD"}, {"trade_id": 138979389, "side": "buy", "size": "27468.10000000", "price": "0.20189000", "time": "2025-07-14T14:37:59.092845Z", "fetched_at": "2025-07-14T14:39:31.847893+00:00", "symbol": "DOGE-USD"}, {"trade_id": 138979388, "side": "buy", "size": "5.50000000", "price": "0.20190000", "time": "2025-07-14T14:37:59.092845Z", "fetched_at": "2025-07-14T14:39:31.847893+00:00", "symbol": "DOGE-USD"}, {"trade_id": 138979387, "side": "buy", "size": "5.50000000", "price": "0.20192000", "time": "2025-07-14T14:37:58.781034Z", "fetched_at": "2025-07-14T14:39:31.847893+00:00", "symbol": "DOGE-USD"}, {"trade_id": 138979386, "side": "sell", "size": "12495.10000000", "price": "0.20195000", "time": "2025-07-14T14:37:57.643309Z", "fetched_at": "2025-07-14T14:39:31.847893+00:00", "symbol": "DOGE-USD"}, {"trade_id": 138979385, "side": "sell", "size": "4256.90000000", "price": "0.20195000", "time": "2025-07-14T14:37:57.642711Z", "fetched_at": "2025-07-14T14:39:31.847893+00:00", "symbol": "DOGE-USD"}, {"trade_id": 138979384, "side": "buy", "size": "3.70000000", "price": "0.20192000", "time": "2025-07-14T14:37:55.249435Z", "fetched_at": "2025-07-14T14:39:31.847893+00:00", "symbol": "DOGE-USD"}, {"trade_id": 138979383, "side": "buy", "size": "5.50000000", "price": "0.20192000", "time": "2025-07-14T14:37:55.249435Z", "fetched_at": "2025-07-14T14:39:31.847893+00:00", "symbol": "DOGE-USD"}, {"trade_id": 138979382, "side": "buy", "size": "0.10000000", "price": "0.20193000", "time": "2025-07-14T14:37:55.244015Z", "fetched_at": "2025-07-14T14:39:31.847893+00:00", "symbol": "DOGE-USD"}, {"trade_id": 138979381, "side": "buy", "size": "5.50000000", "price": "0.20194000", "time": "2025-07-14T14:37:55.145533Z", "fetched_at": "2025-07-14T14:39:31.847893+00:00", "symbol": "DOGE-USD"}, {"trade_id": 138979380, "side": "buy", "size": "5.50000000", "price": "0.20196000", "time": "2025-07-14T14:37:55.136194Z", "fetched_at": "2025-07-14T14:39:31.847893+00:00", "symbol": "DOGE-USD"}, {"trade_id": 138979379, "side": "buy", "size": "5.50000000", "price": "0.20200000", "time": "2025-07-14T14:37:53.937423Z", "fetched_at": "2025-07-14T14:39:31.847893+00:00", "symbol": "DOGE-USD"}, {"trade_id": 138979378, "side": "buy", "size": "4779.60000000", "price": "0.20201000", "time": "2025-07-14T14:37:53.794099Z", "fetched_at": "2025-07-14T14:39:31.847893+00:00", "symbol": "DOGE-USD"}, {"trade_id": 138979377, "side": "buy", "size": "8.20000000", "price": "0.20207000", "time": "2025-07-14T14:37:50.265303Z", "fetched_at": "2025-07-14T14:39:31.847893+00:00", "symbol": "DOGE-USD"}, {"trade_id": 138979376, "side": "buy", "size": "249.80000000", "price": "0.20210000", "time": "2025-07-14T14:37:50.265303Z", "fetched_at": "2025-07-14T14:39:31.847893+00:00", "symbol": "DOGE-USD"}, {"trade_id": 138979375, "side": "buy", "size": "1382.60000000", "price": "0.20211000", "time": "2025-07-14T14:37:49.683108Z", "fetched_at": "2025-07-14T14:39:31.847893+00:00", "symbol": "DOGE-USD"}, {"trade_id": 138979374, "side": "buy", "size": "4461.00000000", "price": "0.20211000", "time": "2025-07-14T14:37:49.683108Z", "fetched_at": "2025-07-14T14:39:31.847893+00:00", "symbol": "DOGE-USD"}, {"trade_id": 138979373, "side": "sell", "size": "5.50000000", "price": "0.20212000", "time": "2025-07-14T14:37:49.546084Z", "fetched_at": "2025-07-14T14:39:31.847893+00:00", "symbol": "DOGE-USD"}, {"trade_id": 138979372, "side": "sell", "size": "5.50000000", "price": "0.20208000", "time": "2025-07-14T14:37:49.495996Z", "fetched_at": "2025-07-14T14:39:31.847893+00:00", "symbol": "DOGE-USD"}, {"trade_id": 138979371, "side": "sell", "size": "479.70000000", "price": "0.20204000", "time": "2025-07-14T14:37:49.415951Z", "fetched_at": "2025-07-14T14:39:31.847893+00:00", "symbol": "DOGE-USD"}, {"trade_id": 138979370, "side": "sell", "size": "5.50000000", "price": "0.20204000", "time": "2025-07-14T14:37:49.415951Z", "fetched_at": "2025-07-14T14:39:31.847893+00:00", "symbol": "DOGE-USD"}, {"trade_id": 138979369, "side": "sell", "size": "5.50000000", "price": "0.20202000", "time": "2025-07-14T14:37:48.445589Z", "fetched_at": "2025-07-14T14:39:31.847893+00:00", "symbol": "DOGE-USD"}, {"trade_id": 138979368, "side": "sell", "size": "5.50000000", "price": "0.20200000", "time": "2025-07-14T14:37:47.777146Z", "fetched_at": "2025-07-14T14:39:31.847893+00:00", "symbol": "DOGE-USD"}, {"trade_id": 138979367, "side": "sell", "size": "5441.90000000", "price": "0.20200000", "time": "2025-07-14T14:37:47.777146Z", "fetched_at": "2025-07-14T14:39:31.847893+00:00", "symbol": "DOGE-USD"}, {"trade_id": 138979366, "side": "sell", "size": "8817.10000000", "price": "0.20200000", "time": "2025-07-14T14:37:47.775585Z", "fetched_at": "2025-07-14T14:39:31.847893+00:00", "symbol": "DOGE-USD"}, {"trade_id": 138979365, "side": "sell", "size": "3688.40000000", "price": "0.20200000", "time": "2025-07-14T14:37:47.772316Z", "fetched_at": "2025-07-14T14:39:31.847893+00:00", "symbol": "DOGE-USD"}, {"trade_id": 138979364, "side": "sell", "size": "7203.80000000", "price": "0.20200000", "time": "2025-07-14T14:37:47.771689Z", "fetched_at": "2025-07-14T14:39:31.847893+00:00", "symbol": "DOGE-USD"}, {"trade_id": 138979363, "side": "sell", "size": "44848.80000000", "price": "0.20200000", "time": "2025-07-14T14:37:47.771582Z", "fetched_at": "2025-07-14T14:39:31.847893+00:00", "symbol": "DOGE-USD"}, {"trade_id": 138979362, "side": "buy", "size": "250.30000000", "price": "0.20199000", "time": "2025-07-14T14:37:47.611897Z", "fetched_at": "2025-07-14T14:39:31.847893+00:00", "symbol": "DOGE-USD"}, {"trade_id": 138979361, "side": "sell", "size": "426.70000000", "price": "0.20198000", "time": "2025-07-14T14:37:47.604268Z", "fetched_at": "2025-07-14T14:39:31.847893+00:00", "symbol": "DOGE-USD"}, {"trade_id": 138979360, "side": "buy", "size": "249.80000000", "price": "0.20197000", "time": "2025-07-14T14:37:46.602321Z", "fetched_at": "2025-07-14T14:39:31.847893+00:00", "symbol": "DOGE-USD"}, {"trade_id": 138979359, "side": "buy", "size": "249.80000000", "price": "0.20191000", "time": "2025-07-14T14:37:44.857492Z", "fetched_at": "2025-07-14T14:39:31.847893+00:00", "symbol": "DOGE-USD"}, {"trade_id": 138979358, "side": "buy", "size": "3.70000000", "price": "0.20192000", "time": "2025-07-14T14:37:44.495771Z", "fetched_at": "2025-07-14T14:39:31.847893+00:00", "symbol": "DOGE-USD"}, {"trade_id": 138979357, "side": "buy", "size": "249.80000000", "price": "0.20194000", "time": "2025-07-14T14:37:44.371118Z", "fetched_at": "2025-07-14T14:39:31.847893+00:00", "symbol": "DOGE-USD"}, {"trade_id": 138979356, "side": "buy", "size": "249.80000000", "price": "0.20195000", "time": "2025-07-14T14:37:44.259583Z", "fetched_at": "2025-07-14T14:39:31.847893+00:00", "symbol": "DOGE-USD"}, {"trade_id": 138979355, "side": "buy", "size": "374.70000000", "price": "0.20195000", "time": "2025-07-14T14:37:44.246735Z", "fetched_at": "2025-07-14T14:39:31.847893+00:00", "symbol": "DOGE-USD"}, {"trade_id": 138979354, "side": "buy", "size": "249.80000000", "price": "0.20194000", "time": "2025-07-14T14:37:44.164432Z", "fetched_at": "2025-07-14T14:39:31.847893+00:00", "symbol": "DOGE-USD"}, {"trade_id": 138979353, "side": "buy", "size": "249.80000000", "price": "0.20194000", "time": "2025-07-14T14:37:44.151120Z", "fetched_at": "2025-07-14T14:39:31.847893+00:00", "symbol": "DOGE-USD"}, {"trade_id": 138979352, "side": "buy", "size": "249.80000000", "price": "0.20193000", "time": "2025-07-14T14:37:44.139698Z", "fetched_at": "2025-07-14T14:39:31.847893+00:00", "symbol": "DOGE-USD"}, {"trade_id": 138979351, "side": "buy", "size": "374.70000000", "price": "0.20189000", "time": "2025-07-14T14:37:43.472498Z", "fetched_at": "2025-07-14T14:39:31.847893+00:00", "symbol": "DOGE-USD"}, {"trade_id": 138979350, "side": "buy", "size": "249.80000000", "price": "0.20189000", "time": "2025-07-14T14:37:43.134565Z", "fetched_at": "2025-07-14T14:39:31.847893+00:00", "symbol": "DOGE-USD"}, {"trade_id": 138979349, "side": "buy", "size": "249.80000000", "price": "0.20190000", "time": "2025-07-14T14:37:43.119424Z", "fetched_at": "2025-07-14T14:39:31.847893+00:00", "symbol": "DOGE-USD"}, {"trade_id": 138979348, "side": "buy", "size": "249.80000000", "price": "0.20191000", "time": "2025-07-14T14:37:43.109075Z", "fetched_at": "2025-07-14T14:39:31.847893+00:00", "symbol": "DOGE-USD"}, {"trade_id": 138979347, "side": "buy", "size": "249.80000000", "price": "0.20191000", "time": "2025-07-14T14:37:43.087005Z", "fetched_at": "2025-07-14T14:39:31.847893+00:00", "symbol": "DOGE-USD"}, {"trade_id": 138979346, "side": "buy", "size": "249.80000000", "price": "0.20192000", "time": "2025-07-14T14:37:42.995243Z", "fetched_at": "2025-07-14T14:39:31.847893+00:00", "symbol": "DOGE-USD"}, {"trade_id": 138979345, "side": "buy", "size": "249.80000000", "price": "0.20193000", "time": "2025-07-14T14:37:42.972795Z", "fetched_at": "2025-07-14T14:39:31.847893+00:00", "symbol": "DOGE-USD"}, {"trade_id": 138979344, "side": "buy", "size": "249.80000000", "price": "0.20193000", "time": "2025-07-14T14:37:42.949657Z", "fetched_at": "2025-07-14T14:39:31.847893+00:00", "symbol": "DOGE-USD"}, {"trade_id": 138979343, "side": "buy", "size": "393.50000000", "price": "0.20186000", "time": "2025-07-14T14:37:42.694978Z", "fetched_at": "2025-07-14T14:39:31.847893+00:00", "symbol": "DOGE-USD"}, {"trade_id": 138979342, "side": "buy", "size": "8.50000000", "price": "0.20186000", "time": "2025-07-14T14:37:42.694978Z", "fetched_at": "2025-07-14T14:39:31.847893+00:00", "symbol": "DOGE-USD"}, {"trade_id": 138979341, "side": "buy", "size": "206.60000000", "price": "0.20187000", "time": "2025-07-14T14:37:42.661950Z", "fetched_at": "2025-07-14T14:39:31.847893+00:00", "symbol": "DOGE-USD"}, {"trade_id": 138979340, "side": "buy", "size": "5.50000000", "price": "0.20188000", "time": "2025-07-14T14:37:42.499366Z", "fetched_at": "2025-07-14T14:39:31.847893+00:00", "symbol": "DOGE-USD"}, {"trade_id": 138979339, "side": "buy", "size": "527.20000000", "price": "0.20189000", "time": "2025-07-14T14:37:42.436311Z", "fetched_at": "2025-07-14T14:39:31.847893+00:00", "symbol": "DOGE-USD"}, {"trade_id": 138979338, "side": "buy", "size": "17845.30000000", "price": "0.20189000", "time": "2025-07-14T14:37:42.436311Z", "fetched_at": "2025-07-14T14:39:31.847893+00:00", "symbol": "DOGE-USD"}, {"trade_id": 138979337, "side": "buy", "size": "5327.50000000", "price": "0.20189000", "time": "2025-07-14T14:37:42.332149Z", "fetched_at": "2025-07-14T14:39:31.847893+00:00", "symbol": "DOGE-USD"}, {"trade_id": 138979336, "side": "buy", "size": "1415.40000000", "price": "0.20189000", "time": "2025-07-14T14:37:42.307956Z", "fetched_at": "2025-07-14T14:39:31.847893+00:00", "symbol": "DOGE-USD"}, {"trade_id": 138979335, "side": "buy", "size": "12171.30000000", "price": "0.20189000", "time": "2025-07-14T14:37:42.298502Z", "fetched_at": "2025-07-14T14:39:31.847893+00:00", "symbol": "DOGE-USD"}, {"trade_id": 138979334, "side": "buy", "size": "2772.20000000", "price": "0.20189000", "time": "2025-07-14T14:37:42.278691Z", "fetched_at": "2025-07-14T14:39:31.847893+00:00", "symbol": "DOGE-USD"}, {"trade_id": 138979333, "side": "buy", "size": "6913.20000000", "price": "0.20189000", "time": "2025-07-14T14:37:42.266935Z", "fetched_at": "2025-07-14T14:39:31.847893+00:00", "symbol": "DOGE-USD"}, {"trade_id": 138979332, "side": "buy", "size": "7036.20000000", "price": "0.20189000", "time": "2025-07-14T14:37:42.246390Z", "fetched_at": "2025-07-14T14:39:31.847893+00:00", "symbol": "DOGE-USD"}, {"trade_id": 138979331, "side": "buy", "size": "860.90000000", "price": "0.20189000", "time": "2025-07-14T14:37:42.246390Z", "fetched_at": "2025-07-14T14:39:31.847893+00:00", "symbol": "DOGE-USD"}, {"trade_id": 138979330, "side": "buy", "size": "249.80000000", "price": "0.20191000", "time": "2025-07-14T14:37:42.147927Z", "fetched_at": "2025-07-14T14:39:31.847893+00:00", "symbol": "DOGE-USD"}, {"trade_id": 138979329, "side": "buy", "size": "5063.00000000", "price": "0.20189000", "time": "2025-07-14T14:37:41.950737Z", "fetched_at": "2025-07-14T14:39:31.847893+00:00", "symbol": "DOGE-USD"}, {"trade_id": 138979328, "side": "buy", "size": "8342.90000000", "price": "0.20189000", "time": "2025-07-14T14:37:41.936313Z", "fetched_at": "2025-07-14T14:39:31.847893+00:00", "symbol": "DOGE-USD"}, {"trade_id": 138979327, "side": "buy", "size": "2260.30000000", "price": "0.20189000", "time": "2025-07-14T14:37:41.936313Z", "fetched_at": "2025-07-14T14:39:31.847893+00:00", "symbol": "DOGE-USD"}, {"trade_id": 138979326, "side": "buy", "size": "198.70000000", "price": "0.20189000", "time": "2025-07-14T14:37:41.691320Z", "fetched_at": "2025-07-14T14:39:31.847893+00:00", "symbol": "DOGE-USD"}, {"trade_id": 138979325, "side": "buy", "size": "11807.70000000", "price": "0.20189000", "time": "2025-07-14T14:37:41.684915Z", "fetched_at": "2025-07-14T14:39:31.847893+00:00", "symbol": "DOGE-USD"}, {"trade_id": 138979324, "side": "buy", "size": "74.30000000", "price": "0.20190000", "time": "2025-07-14T14:37:41.684915Z", "fetched_at": "2025-07-14T14:39:31.847893+00:00", "symbol": "DOGE-USD"}, {"trade_id": 138979323, "side": "buy", "size": "12.00000000", "price": "0.20190000", "time": "2025-07-14T14:37:41.684915Z", "fetched_at": "2025-07-14T14:39:31.847893+00:00", "symbol": "DOGE-USD"}, {"trade_id": 138979322, "side": "buy", "size": "359.20000000", "price": "0.20190000", "time": "2025-07-14T14:37:41.684915Z", "fetched_at": "2025-07-14T14:39:31.847893+00:00", "symbol": "DOGE-USD"}, {"trade_id": 138979321, "side": "buy", "size": "249.80000000", "price": "0.20197000", "time": "2025-07-14T14:37:41.214735Z", "fetched_at": "2025-07-14T14:39:31.847893+00:00", "symbol": "DOGE-USD"}, {"trade_id": 138979320, "side": "buy", "size": "250.30000000", "price": "0.20195000", "time": "2025-07-14T14:37:41.200782Z", "fetched_at": "2025-07-14T14:39:31.847893+00:00", "symbol": "DOGE-USD"}, {"trade_id": 138979319, "side": "buy", "size": "249.80000000", "price": "0.20196000", "time": "2025-07-14T14:37:41.200782Z", "fetched_at": "2025-07-14T14:39:31.847893+00:00", "symbol": "DOGE-USD"}, {"trade_id": 138979318, "side": "buy", "size": "250.30000000", "price": "0.20195000", "time": "2025-07-14T14:37:41.178972Z", "fetched_at": "2025-07-14T14:39:31.847893+00:00", "symbol": "DOGE-USD"}, {"trade_id": 138979317, "side": "buy", "size": "249.80000000", "price": "0.20195000", "time": "2025-07-14T14:37:41.178972Z", "fetched_at": "2025-07-14T14:39:31.847893+00:00", "symbol": "DOGE-USD"}, {"trade_id": 138979316, "side": "buy", "size": "5.50000000", "price": "0.20192000", "time": "2025-07-14T14:37:41.112926Z", "fetched_at": "2025-07-14T14:39:31.847893+00:00", "symbol": "DOGE-USD"}, {"trade_id": 138979315, "side": "buy", "size": "216.70000000", "price": "0.20197000", "time": "2025-07-14T14:37:41.110915Z", "fetched_at": "2025-07-14T14:39:31.847893+00:00", "symbol": "DOGE-USD"}, {"trade_id": 138979314, "side": "buy", "size": "33.10000000", "price": "0.20197000", "time": "2025-07-14T14:37:40.892592Z", "fetched_at": "2025-07-14T14:39:31.847893+00:00", "symbol": "DOGE-USD"}, {"trade_id": 138979313, "side": "buy", "size": "374.70000000", "price": "0.20197000", "time": "2025-07-14T14:37:40.663480Z", "fetched_at": "2025-07-14T14:39:31.847893+00:00", "symbol": "DOGE-USD"}, {"trade_id": 138979312, "side": "buy", "size": "250.30000000", "price": "0.20197000", "time": "2025-07-14T14:37:40.597106Z", "fetched_at": "2025-07-14T14:39:31.847893+00:00", "symbol": "DOGE-USD"}, {"trade_id": 138979311, "side": "buy", "size": "249.80000000", "price": "0.20197000", "time": "2025-07-14T14:37:40.597106Z", "fetched_at": "2025-07-14T14:39:31.847893+00:00", "symbol": "DOGE-USD"}, {"trade_id": 138979310, "side": "buy", "size": "249.80000000", "price": "0.20196000", "time": "2025-07-14T14:37:40.238135Z", "fetched_at": "2025-07-14T14:39:31.847893+00:00", "symbol": "DOGE-USD"}, {"trade_id": 138979309, "side": "sell", "size": "0.10000000", "price": "0.20196000", "time": "2025-07-14T14:37:39.848539Z", "fetched_at": "2025-07-14T14:39:31.847893+00:00", "symbol": "DOGE-USD"}, {"trade_id": 138979308, "side": "buy", "size": "249.80000000", "price": "0.20195000", "time": "2025-07-14T14:37:39.381175Z", "fetched_at": "2025-07-14T14:39:31.847893+00:00", "symbol": "DOGE-USD"}, {"trade_id": 138979307, "side": "buy", "size": "119.80000000", "price": "0.20194000", "time": "2025-07-14T14:37:39.210137Z", "fetched_at": "2025-07-14T14:39:31.847893+00:00", "symbol": "DOGE-USD"}, {"trade_id": 138979306, "side": "sell", "size": "1347.70000000", "price": "0.20197000", "time": "2025-07-14T14:37:38.957007Z", "fetched_at": "2025-07-14T14:39:31.847893+00:00", "symbol": "DOGE-USD"}, {"trade_id": 138979305, "side": "sell", "size": "1316.10000000", "price": "0.20197000", "time": "2025-07-14T14:37:38.957007Z", "fetched_at": "2025-07-14T14:39:31.847893+00:00", "symbol": "DOGE-USD"}, {"trade_id": 138979304, "side": "sell", "size": "0.40000000", "price": "0.20197000", "time": "2025-07-14T14:37:38.858447Z", "fetched_at": "2025-07-14T14:39:31.847893+00:00", "symbol": "DOGE-USD"}, {"trade_id": 138979303, "side": "buy", "size": "5.50000000", "price": "0.20196000", "time": "2025-07-14T14:37:38.517581Z", "fetched_at": "2025-07-14T14:39:31.847893+00:00", "symbol": "DOGE-USD"}, {"trade_id": 138979302, "side": "buy", "size": "1519.40000000", "price": "0.20197000", "time": "2025-07-14T14:37:38.311672Z", "fetched_at": "2025-07-14T14:39:31.847893+00:00", "symbol": "DOGE-USD"}, {"trade_id": 138979301, "side": "buy", "size": "1437.40000000", "price": "0.20197000", "time": "2025-07-14T14:37:38.311480Z", "fetched_at": "2025-07-14T14:39:31.847893+00:00", "symbol": "DOGE-USD"}, {"trade_id": 138979300, "side": "buy", "size": "1740.00000000", "price": "0.20197000", "time": "2025-07-14T14:37:38.311480Z", "fetched_at": "2025-07-14T14:39:31.847893+00:00", "symbol": "DOGE-USD"}, {"trade_id": 138979299, "side": "buy", "size": "5.50000000", "price": "0.20200000", "time": "2025-07-14T14:37:38.224334Z", "fetched_at": "2025-07-14T14:39:31.847893+00:00", "symbol": "DOGE-USD"}, {"trade_id": 138979298, "side": "buy", "size": "655.00000000", "price": "0.20200000", "time": "2025-07-14T14:37:38.224334Z", "fetched_at": "2025-07-14T14:39:31.847893+00:00", "symbol": "DOGE-USD"}, {"trade_id": 138979297, "side": "buy", "size": "11002.70000000", "price": "0.20200000", "time": "2025-07-14T14:37:38.224334Z", "fetched_at": "2025-07-14T14:39:31.847893+00:00", "symbol": "DOGE-USD"}, {"trade_id": 138979296, "side": "buy", "size": "1417.20000000", "price": "0.20200000", "time": "2025-07-14T14:37:38.224334Z", "fetched_at": "2025-07-14T14:39:31.847893+00:00", "symbol": "DOGE-USD"}, {"trade_id": 138979295, "side": "buy", "size": "1174.70000000", "price": "0.20200000", "time": "2025-07-14T14:37:38.224334Z", "fetched_at": "2025-07-14T14:39:31.847893+00:00", "symbol": "DOGE-USD"}, {"trade_id": 138979294, "side": "buy", "size": "5.50000000", "price": "0.20202000", "time": "2025-07-14T14:37:38.204122Z", "fetched_at": "2025-07-14T14:39:31.847893+00:00", "symbol": "DOGE-USD"}, {"trade_id": 138979293, "side": "buy", "size": "5.50000000", "price": "0.20204000", "time": "2025-07-14T14:37:38.027833Z", "fetched_at": "2025-07-14T14:39:31.847893+00:00", "symbol": "DOGE-USD"}, {"trade_id": 138979292, "side": "buy", "size": "240.30000000", "price": "0.20204000", "time": "2025-07-14T14:37:38.027833Z", "fetched_at": "2025-07-14T14:39:31.847893+00:00", "symbol": "DOGE-USD"}, {"trade_id": 138979291, "side": "buy", "size": "5.50000000", "price": "0.20208000", "time": "2025-07-14T14:37:37.739343Z", "fetched_at": "2025-07-14T14:39:31.847893+00:00", "symbol": "DOGE-USD"}, {"trade_id": 138979290, "side": "buy", "size": "5.50000000", "price": "0.20210000", "time": "2025-07-14T14:37:36.218920Z", "fetched_at": "2025-07-14T14:39:31.847893+00:00", "symbol": "DOGE-USD"}, {"trade_id": 138979289, "side": "buy", "size": "5.50000000", "price": "0.20212000", "time": "2025-07-14T14:37:35.249677Z", "fetched_at": "2025-07-14T14:39:31.847893+00:00", "symbol": "DOGE-USD"}, {"trade_id": 138979288, "side": "buy", "size": "5.50000000", "price": "0.20214000", "time": "2025-07-14T14:37:35.157739Z", "fetched_at": "2025-07-14T14:39:31.847893+00:00", "symbol": "DOGE-USD"}, {"trade_id": 138979287, "side": "buy", "size": "5.50000000", "price": "0.20216000", "time": "2025-07-14T14:37:34.490745Z", "fetched_at": "2025-07-14T14:39:31.847893+00:00", "symbol": "DOGE-USD"}, {"trade_id": 138979286, "side": "buy", "size": "5.50000000", "price": "0.20218000", "time": "2025-07-14T14:37:34.366692Z", "fetched_at": "2025-07-14T14:39:31.847893+00:00", "symbol": "DOGE-USD"}, {"trade_id": 138979285, "side": "buy", "size": "5.50000000", "price": "0.20220000", "time": "2025-07-14T14:37:34.067264Z", "fetched_at": "2025-07-14T14:39:31.847893+00:00", "symbol": "DOGE-USD"}, {"trade_id": 138979284, "side": "buy", "size": "5.50000000", "price": "0.20224000", "time": "2025-07-14T14:37:33.871620Z", "fetched_at": "2025-07-14T14:39:31.847893+00:00", "symbol": "DOGE-USD"}, {"trade_id": 138979283, "side": "buy", "size": "249.80000000", "price": "0.20230000", "time": "2025-07-14T14:37:33.253582Z", "fetched_at": "2025-07-14T14:39:31.847893+00:00", "symbol": "DOGE-USD"}, {"trade_id": 138979282, "side": "buy", "size": "249.80000000", "price": "0.20232000", "time": "2025-07-14T14:37:33.032632Z", "fetched_at": "2025-07-14T14:39:31.847893+00:00", "symbol": "DOGE-USD"}, {"trade_id": 138979281, "side": "buy", "size": "249.80000000", "price": "0.20234000", "time": "2025-07-14T14:37:32.984765Z", "fetched_at": "2025-07-14T14:39:31.847893+00:00", "symbol": "DOGE-USD"}