[{"trade_id": 138966477, "side": "buy", "size": "908.90000000", "price": "0.20521000", "time": "2025-07-14T12:42:22.304359Z", "fetched_at": "2025-07-14T12:42:30.435216+00:00", "symbol": "DOGE-USD"}, {"trade_id": 138966476, "side": "buy", "size": "12.90000000", "price": "0.20521000", "time": "2025-07-14T12:42:21.558248Z", "fetched_at": "2025-07-14T12:42:30.435216+00:00", "symbol": "DOGE-USD"}, {"trade_id": 138966475, "side": "buy", "size": "5.40000000", "price": "0.20522000", "time": "2025-07-14T12:42:21.558248Z", "fetched_at": "2025-07-14T12:42:30.435216+00:00", "symbol": "DOGE-USD"}, {"trade_id": 138966474, "side": "buy", "size": "5.40000000", "price": "0.20524000", "time": "2025-07-14T12:42:21.558248Z", "fetched_at": "2025-07-14T12:42:30.435216+00:00", "symbol": "DOGE-USD"}, {"trade_id": 138966473, "side": "buy", "size": "5.40000000", "price": "0.20526000", "time": "2025-07-14T12:42:21.201879Z", "fetched_at": "2025-07-14T12:42:30.435216+00:00", "symbol": "DOGE-USD"}, {"trade_id": 138966472, "side": "buy", "size": "188.10000000", "price": "0.20528000", "time": "2025-07-14T12:42:19.587246Z", "fetched_at": "2025-07-14T12:42:30.435216+00:00", "symbol": "DOGE-USD"}, {"trade_id": 138966471, "side": "sell", "size": "746.40000000", "price": "0.20533000", "time": "2025-07-14T12:42:15.697507Z", "fetched_at": "2025-07-14T12:42:30.435216+00:00", "symbol": "DOGE-USD"}, {"trade_id": 138966470, "side": "sell", "size": "88.00000000", "price": "0.20533000", "time": "2025-07-14T12:42:15.346763Z", "fetched_at": "2025-07-14T12:42:30.435216+00:00", "symbol": "DOGE-USD"}, {"trade_id": 138966469, "side": "sell", "size": "5.40000000", "price": "0.20532000", "time": "2025-07-14T12:42:15.247407Z", "fetched_at": "2025-07-14T12:42:30.435216+00:00", "symbol": "DOGE-USD"}, {"trade_id": 138966468, "side": "sell", "size": "5.40000000", "price": "0.20530000", "time": "2025-07-14T12:42:15.154272Z", "fetched_at": "2025-07-14T12:42:30.435216+00:00", "symbol": "DOGE-USD"}, {"trade_id": 138966467, "side": "buy", "size": "45.30000000", "price": "0.20524000", "time": "2025-07-14T12:42:14.100552Z", "fetched_at": "2025-07-14T12:42:30.435216+00:00", "symbol": "DOGE-USD"}, {"trade_id": 138966466, "side": "buy", "size": "473.50000000", "price": "0.20522000", "time": "2025-07-14T12:42:13.404742Z", "fetched_at": "2025-07-14T12:42:30.435216+00:00", "symbol": "DOGE-USD"}, {"trade_id": 138966465, "side": "buy", "size": "5.40000000", "price": "0.20522000", "time": "2025-07-14T12:42:13.404742Z", "fetched_at": "2025-07-14T12:42:30.435216+00:00", "symbol": "DOGE-USD"}, {"trade_id": 138966464, "side": "buy", "size": "5.40000000", "price": "0.20524000", "time": "2025-07-14T12:42:13.404742Z", "fetched_at": "2025-07-14T12:42:30.435216+00:00", "symbol": "DOGE-USD"}, {"trade_id": 138966463, "side": "sell", "size": "71.00000000", "price": "0.20525000", "time": "2025-07-14T12:42:11.546685Z", "fetched_at": "2025-07-14T12:42:30.435216+00:00", "symbol": "DOGE-USD"}, {"trade_id": 138966462, "side": "buy", "size": "5.40000000", "price": "0.20526000", "time": "2025-07-14T12:42:11.518263Z", "fetched_at": "2025-07-14T12:42:30.435216+00:00", "symbol": "DOGE-USD"}, {"trade_id": 138966461, "side": "buy", "size": "5.40000000", "price": "0.20528000", "time": "2025-07-14T12:42:11.381269Z", "fetched_at": "2025-07-14T12:42:30.435216+00:00", "symbol": "DOGE-USD"}, {"trade_id": 138966460, "side": "sell", "size": "72.30000000", "price": "0.20532000", "time": "2025-07-14T12:42:03.735367Z", "fetched_at": "2025-07-14T12:42:30.435216+00:00", "symbol": "DOGE-USD"}, {"trade_id": 138966459, "side": "sell", "size": "725.90000000", "price": "0.20540000", "time": "2025-07-14T12:42:03.000877Z", "fetched_at": "2025-07-14T12:42:30.435216+00:00", "symbol": "DOGE-USD"}, {"trade_id": 138966458, "side": "sell", "size": "5.40000000", "price": "0.20540000", "time": "2025-07-14T12:42:03.000877Z", "fetched_at": "2025-07-14T12:42:30.435216+00:00", "symbol": "DOGE-USD"}, {"trade_id": 138966457, "side": "sell", "size": "1847.20000000", "price": "0.20539000", "time": "2025-07-14T12:42:03.000877Z", "fetched_at": "2025-07-14T12:42:30.435216+00:00", "symbol": "DOGE-USD"}, {"trade_id": 138966456, "side": "sell", "size": "14638.30000000", "price": "0.20539000", "time": "2025-07-14T12:42:03.000877Z", "fetched_at": "2025-07-14T12:42:30.435216+00:00", "symbol": "DOGE-USD"}, {"trade_id": 138966455, "side": "sell", "size": "2223.10000000", "price": "0.20539000", "time": "2025-07-14T12:42:03.000877Z", "fetched_at": "2025-07-14T12:42:30.435216+00:00", "symbol": "DOGE-USD"}, {"trade_id": 138966454, "side": "sell", "size": "6464.50000000", "price": "0.20538000", "time": "2025-07-14T12:42:03.000877Z", "fetched_at": "2025-07-14T12:42:30.435216+00:00", "symbol": "DOGE-USD"}, {"trade_id": 138966453, "side": "sell", "size": "3878.70000000", "price": "0.20537000", "time": "2025-07-14T12:42:03.000877Z", "fetched_at": "2025-07-14T12:42:30.435216+00:00", "symbol": "DOGE-USD"}, {"trade_id": 138966452, "side": "sell", "size": "1434.30000000", "price": "0.20537000", "time": "2025-07-14T12:42:03.000877Z", "fetched_at": "2025-07-14T12:42:30.435216+00:00", "symbol": "DOGE-USD"}, {"trade_id": 138966451, "side": "sell", "size": "810.00000000", "price": "0.20537000", "time": "2025-07-14T12:42:03.000877Z", "fetched_at": "2025-07-14T12:42:30.435216+00:00", "symbol": "DOGE-USD"}, {"trade_id": 138966450, "side": "sell", "size": "5.40000000", "price": "0.20536000", "time": "2025-07-14T12:42:03.000877Z", "fetched_at": "2025-07-14T12:42:30.435216+00:00", "symbol": "DOGE-USD"}, {"trade_id": 138966449, "side": "sell", "size": "3230.20000000", "price": "0.20536000", "time": "2025-07-14T12:42:03.000877Z", "fetched_at": "2025-07-14T12:42:30.435216+00:00", "symbol": "DOGE-USD"}, {"trade_id": 138966448, "side": "sell", "size": "1750.00000000", "price": "0.20536000", "time": "2025-07-14T12:42:03.000877Z", "fetched_at": "2025-07-14T12:42:30.435216+00:00", "symbol": "DOGE-USD"}, {"trade_id": 138966447, "side": "sell", "size": "1938.10000000", "price": "0.20535000", "time": "2025-07-14T12:42:03.000877Z", "fetched_at": "2025-07-14T12:42:30.435216+00:00", "symbol": "DOGE-USD"}, {"trade_id": 138966446, "side": "sell", "size": "829.60000000", "price": "0.20534000", "time": "2025-07-14T12:42:03.000877Z", "fetched_at": "2025-07-14T12:42:30.435216+00:00", "symbol": "DOGE-USD"}, {"trade_id": 138966445, "side": "sell", "size": "993.50000000", "price": "0.20534000", "time": "2025-07-14T12:42:03.000877Z", "fetched_at": "2025-07-14T12:42:30.435216+00:00", "symbol": "DOGE-USD"}, {"trade_id": 138966444, "side": "sell", "size": "1370.90000000", "price": "0.20533000", "time": "2025-07-14T12:42:03.000877Z", "fetched_at": "2025-07-14T12:42:30.435216+00:00", "symbol": "DOGE-USD"}, {"trade_id": 138966443, "side": "sell", "size": "1590.50000000", "price": "0.20532000", "time": "2025-07-14T12:42:03.000877Z", "fetched_at": "2025-07-14T12:42:30.435216+00:00", "symbol": "DOGE-USD"}, {"trade_id": 138966442, "side": "buy", "size": "829.60000000", "price": "0.20534000", "time": "2025-07-14T12:42:01.971632Z", "fetched_at": "2025-07-14T12:42:30.435216+00:00", "symbol": "DOGE-USD"}, {"trade_id": 138966441, "side": "buy", "size": "1123.70000000", "price": "0.20536000", "time": "2025-07-14T12:42:01.969842Z", "fetched_at": "2025-07-14T12:42:30.435216+00:00", "symbol": "DOGE-USD"}, {"trade_id": 138966440, "side": "buy", "size": "183.00000000", "price": "0.20537000", "time": "2025-07-14T12:42:01.969842Z", "fetched_at": "2025-07-14T12:42:30.435216+00:00", "symbol": "DOGE-USD"}, {"trade_id": 138966439, "side": "buy", "size": "303.20000000", "price": "0.20537000", "time": "2025-07-14T12:42:01.969842Z", "fetched_at": "2025-07-14T12:42:30.435216+00:00", "symbol": "DOGE-USD"}, {"trade_id": 138966438, "side": "sell", "size": "102.20000000", "price": "0.20534000", "time": "2025-07-14T12:42:00.711261Z", "fetched_at": "2025-07-14T12:42:30.435216+00:00", "symbol": "DOGE-USD"}, {"trade_id": 138966437, "side": "sell", "size": "5.40000000", "price": "0.20538000", "time": "2025-07-14T12:41:58.356493Z", "fetched_at": "2025-07-14T12:42:30.435216+00:00", "symbol": "DOGE-USD"}, {"trade_id": 138966436, "side": "sell", "size": "5.40000000", "price": "0.20536000", "time": "2025-07-14T12:41:58.271286Z", "fetched_at": "2025-07-14T12:42:30.435216+00:00", "symbol": "DOGE-USD"}, {"trade_id": 138966435, "side": "sell", "size": "5.40000000", "price": "0.20534000", "time": "2025-07-14T12:41:55.278769Z", "fetched_at": "2025-07-14T12:42:30.435216+00:00", "symbol": "DOGE-USD"}, {"trade_id": 138966434, "side": "sell", "size": "188.70000000", "price": "0.20532000", "time": "2025-07-14T12:41:51.995622Z", "fetched_at": "2025-07-14T12:42:30.435216+00:00", "symbol": "DOGE-USD"}, {"trade_id": 138966433, "side": "sell", "size": "5.40000000", "price": "0.20532000", "time": "2025-07-14T12:41:51.995622Z", "fetched_at": "2025-07-14T12:42:30.435216+00:00", "symbol": "DOGE-USD"}, {"trade_id": 138966432, "side": "buy", "size": "59.70000000", "price": "0.20528000", "time": "2025-07-14T12:41:51.398803Z", "fetched_at": "2025-07-14T12:42:30.435216+00:00", "symbol": "DOGE-USD"}, {"trade_id": 138966431, "side": "sell", "size": "894.90000000", "price": "0.20530000", "time": "2025-07-14T12:41:47.748456Z", "fetched_at": "2025-07-14T12:42:30.435216+00:00", "symbol": "DOGE-USD"}, {"trade_id": 138966430, "side": "sell", "size": "1744.40000000", "price": "0.20530000", "time": "2025-07-14T12:41:47.748456Z", "fetched_at": "2025-07-14T12:42:30.435216+00:00", "symbol": "DOGE-USD"}, {"trade_id": 138966429, "side": "sell", "size": "5.40000000", "price": "0.20530000", "time": "2025-07-14T12:41:47.748456Z", "fetched_at": "2025-07-14T12:42:30.435216+00:00", "symbol": "DOGE-USD"}, {"trade_id": 138966428, "side": "sell", "size": "763.80000000", "price": "0.20528000", "time": "2025-07-14T12:41:47.747571Z", "fetched_at": "2025-07-14T12:42:30.435216+00:00", "symbol": "DOGE-USD"}, {"trade_id": 138966427, "side": "sell", "size": "5.40000000", "price": "0.20528000", "time": "2025-07-14T12:41:47.747571Z", "fetched_at": "2025-07-14T12:42:30.435216+00:00", "symbol": "DOGE-USD"}, {"trade_id": 138966426, "side": "sell", "size": "17.50000000", "price": "0.20527000", "time": "2025-07-14T12:41:41.792059Z", "fetched_at": "2025-07-14T12:42:30.435216+00:00", "symbol": "DOGE-USD"}, {"trade_id": 138966425, "side": "sell", "size": "5.40000000", "price": "0.20526000", "time": "2025-07-14T12:41:41.792059Z", "fetched_at": "2025-07-14T12:42:30.435216+00:00", "symbol": "DOGE-USD"}, {"trade_id": 138966424, "side": "sell", "size": "5.40000000", "price": "0.20524000", "time": "2025-07-14T12:41:41.297488Z", "fetched_at": "2025-07-14T12:42:30.435216+00:00", "symbol": "DOGE-USD"}, {"trade_id": 138966423, "side": "sell", "size": "0.60000000", "price": "0.20522000", "time": "2025-07-14T12:41:41.249053Z", "fetched_at": "2025-07-14T12:42:30.435216+00:00", "symbol": "DOGE-USD"}, {"trade_id": 138966422, "side": "sell", "size": "4.80000000", "price": "0.20522000", "time": "2025-07-14T12:41:39.716809Z", "fetched_at": "2025-07-14T12:42:30.435216+00:00", "symbol": "DOGE-USD"}, {"trade_id": 138966421, "side": "sell", "size": "5.40000000", "price": "0.20520000", "time": "2025-07-14T12:41:39.674695Z", "fetched_at": "2025-07-14T12:42:30.435216+00:00", "symbol": "DOGE-USD"}, {"trade_id": 138966420, "side": "sell", "size": "839.10000000", "price": "0.20520000", "time": "2025-07-14T12:41:39.674695Z", "fetched_at": "2025-07-14T12:42:30.435216+00:00", "symbol": "DOGE-USD"}, {"trade_id": 138966419, "side": "buy", "size": "1273.50000000", "price": "0.20519000", "time": "2025-07-14T12:41:37.514625Z", "fetched_at": "2025-07-14T12:42:30.435216+00:00", "symbol": "DOGE-USD"}, {"trade_id": 138966418, "side": "buy", "size": "183.00000000", "price": "0.20519000", "time": "2025-07-14T12:41:37.514625Z", "fetched_at": "2025-07-14T12:42:30.435216+00:00", "symbol": "DOGE-USD"}, {"trade_id": 138966417, "side": "buy", "size": "303.20000000", "price": "0.20519000", "time": "2025-07-14T12:41:37.514625Z", "fetched_at": "2025-07-14T12:42:30.435216+00:00", "symbol": "DOGE-USD"}, {"trade_id": 138966416, "side": "sell", "size": "830.70000000", "price": "0.20514000", "time": "2025-07-14T12:41:33.943367Z", "fetched_at": "2025-07-14T12:42:30.435216+00:00", "symbol": "DOGE-USD"}, {"trade_id": 138966415, "side": "buy", "size": "299.20000000", "price": "0.20508000", "time": "2025-07-14T12:41:32.989466Z", "fetched_at": "2025-07-14T12:42:30.435216+00:00", "symbol": "DOGE-USD"}, {"trade_id": 138966414, "side": "buy", "size": "5.40000000", "price": "0.20508000", "time": "2025-07-14T12:41:32.989466Z", "fetched_at": "2025-07-14T12:42:30.435216+00:00", "symbol": "DOGE-USD"}, {"trade_id": 138966413, "side": "buy", "size": "400.00000000", "price": "0.20509000", "time": "2025-07-14T12:41:32.989466Z", "fetched_at": "2025-07-14T12:42:30.435216+00:00", "symbol": "DOGE-USD"}, {"trade_id": 138966412, "side": "buy", "size": "5.40000000", "price": "0.20510000", "time": "2025-07-14T12:41:32.989466Z", "fetched_at": "2025-07-14T12:42:30.435216+00:00", "symbol": "DOGE-USD"}, {"trade_id": 138966411, "side": "buy", "size": "5.40000000", "price": "0.20512000", "time": "2025-07-14T12:41:32.989466Z", "fetched_at": "2025-07-14T12:42:30.435216+00:00", "symbol": "DOGE-USD"}, {"trade_id": 138966410, "side": "buy", "size": "5.40000000", "price": "0.20514000", "time": "2025-07-14T12:41:32.833391Z", "fetched_at": "2025-07-14T12:42:30.435216+00:00", "symbol": "DOGE-USD"}, {"trade_id": 138966409, "side": "buy", "size": "1139.30000000", "price": "0.20519000", "time": "2025-07-14T12:41:25.987457Z", "fetched_at": "2025-07-14T12:42:30.435216+00:00", "symbol": "DOGE-USD"}, {"trade_id": 138966408, "side": "buy", "size": "810.00000000", "price": "0.20519000", "time": "2025-07-14T12:41:25.986744Z", "fetched_at": "2025-07-14T12:42:30.435216+00:00", "symbol": "DOGE-USD"}, {"trade_id": 138966407, "side": "buy", "size": "5.40000000", "price": "0.20516000", "time": "2025-07-14T12:41:25.952761Z", "fetched_at": "2025-07-14T12:42:30.435216+00:00", "symbol": "DOGE-USD"}, {"trade_id": 138966406, "side": "buy", "size": "1754.20000000", "price": "0.20518000", "time": "2025-07-14T12:41:25.926358Z", "fetched_at": "2025-07-14T12:42:30.435216+00:00", "symbol": "DOGE-USD"}, {"trade_id": 138966405, "side": "buy", "size": "4737.90000000", "price": "0.20523000", "time": "2025-07-14T12:41:25.811321Z", "fetched_at": "2025-07-14T12:42:30.435216+00:00", "symbol": "DOGE-USD"}, {"trade_id": 138966404, "side": "buy", "size": "6866.10000000", "price": "0.20518000", "time": "2025-07-14T12:41:25.797574Z", "fetched_at": "2025-07-14T12:42:30.435216+00:00", "symbol": "DOGE-USD"}, {"trade_id": 138966403, "side": "buy", "size": "324.50000000", "price": "0.20518000", "time": "2025-07-14T12:41:25.797574Z", "fetched_at": "2025-07-14T12:42:30.435216+00:00", "symbol": "DOGE-USD"}, {"trade_id": 138966402, "side": "buy", "size": "303.20000000", "price": "0.20520000", "time": "2025-07-14T12:41:25.797574Z", "fetched_at": "2025-07-14T12:42:30.435216+00:00", "symbol": "DOGE-USD"}, {"trade_id": 138966401, "side": "buy", "size": "2000.00000000", "price": "0.20523000", "time": "2025-07-14T12:41:25.797574Z", "fetched_at": "2025-07-14T12:42:30.435216+00:00", "symbol": "DOGE-USD"}, {"trade_id": 138966400, "side": "buy", "size": "2843.30000000", "price": "0.20518000", "time": "2025-07-14T12:41:25.791970Z", "fetched_at": "2025-07-14T12:42:30.435216+00:00", "symbol": "DOGE-USD"}, {"trade_id": 138966399, "side": "buy", "size": "5.40000000", "price": "0.20518000", "time": "2025-07-14T12:41:25.791970Z", "fetched_at": "2025-07-14T12:42:30.435216+00:00", "symbol": "DOGE-USD"}, {"trade_id": 138966398, "side": "buy", "size": "1668.20000000", "price": "0.20518000", "time": "2025-07-14T12:41:25.791970Z", "fetched_at": "2025-07-14T12:42:30.435216+00:00", "symbol": "DOGE-USD"}, {"trade_id": 138966397, "side": "buy", "size": "830.70000000", "price": "0.20523000", "time": "2025-07-14T12:41:25.791970Z", "fetched_at": "2025-07-14T12:42:30.435216+00:00", "symbol": "DOGE-USD"}, {"trade_id": 138966396, "side": "buy", "size": "2000.00000000", "price": "0.20519000", "time": "2025-07-14T12:41:25.786458Z", "fetched_at": "2025-07-14T12:42:30.435216+00:00", "symbol": "DOGE-USD"}, {"trade_id": 138966395, "side": "buy", "size": "2595.40000000", "price": "0.20520000", "time": "2025-07-14T12:41:25.782962Z", "fetched_at": "2025-07-14T12:42:30.435216+00:00", "symbol": "DOGE-USD"}, {"trade_id": 138966394, "side": "buy", "size": "96.20000000", "price": "0.20520000", "time": "2025-07-14T12:41:25.782962Z", "fetched_at": "2025-07-14T12:42:30.435216+00:00", "symbol": "DOGE-USD"}, {"trade_id": 138966393, "side": "buy", "size": "5.40000000", "price": "0.20520000", "time": "2025-07-14T12:41:25.782962Z", "fetched_at": "2025-07-14T12:42:30.435216+00:00", "symbol": "DOGE-USD"}, {"trade_id": 138966392, "side": "buy", "size": "9791.90000000", "price": "0.20520000", "time": "2025-07-14T12:41:25.782962Z", "fetched_at": "2025-07-14T12:42:30.435216+00:00", "symbol": "DOGE-USD"}, {"trade_id": 138966391, "side": "buy", "size": "7863.20000000", "price": "0.20520000", "time": "2025-07-14T12:41:25.781999Z", "fetched_at": "2025-07-14T12:42:30.435216+00:00", "symbol": "DOGE-USD"}, {"trade_id": 138966390, "side": "buy", "size": "120.30000000", "price": "0.20520000", "time": "2025-07-14T12:41:25.781999Z", "fetched_at": "2025-07-14T12:42:30.435216+00:00", "symbol": "DOGE-USD"}, {"trade_id": 138966389, "side": "buy", "size": "6470.90000000", "price": "0.20521000", "time": "2025-07-14T12:41:25.779433Z", "fetched_at": "2025-07-14T12:42:30.435216+00:00", "symbol": "DOGE-USD"}, {"trade_id": 138966388, "side": "buy", "size": "2500.00000000", "price": "0.20521000", "time": "2025-07-14T12:41:25.779433Z", "fetched_at": "2025-07-14T12:42:30.435216+00:00", "symbol": "DOGE-USD"}, {"trade_id": 138966387, "side": "buy", "size": "3223.30000000", "price": "0.20522000", "time": "2025-07-14T12:41:25.779018Z", "fetched_at": "2025-07-14T12:42:30.435216+00:00", "symbol": "DOGE-USD"}, {"trade_id": 138966386, "side": "buy", "size": "5.40000000", "price": "0.20522000", "time": "2025-07-14T12:41:25.779018Z", "fetched_at": "2025-07-14T12:42:30.435216+00:00", "symbol": "DOGE-USD"}, {"trade_id": 138966385, "side": "buy", "size": "830.70000000", "price": "0.20523000", "time": "2025-07-14T12:41:25.779018Z", "fetched_at": "2025-07-14T12:42:30.435216+00:00", "symbol": "DOGE-USD"}, {"trade_id": 138966384, "side": "buy", "size": "1124.40000000", "price": "0.20524000", "time": "2025-07-14T12:41:25.774856Z", "fetched_at": "2025-07-14T12:42:30.435216+00:00", "symbol": "DOGE-USD"}, {"trade_id": 138966383, "side": "sell", "size": "348.10000000", "price": "0.20527000", "time": "2025-07-14T12:41:14.745592Z", "fetched_at": "2025-07-14T12:42:30.435216+00:00", "symbol": "DOGE-USD"}, {"trade_id": 138966382, "side": "sell", "size": "5.40000000", "price": "0.20526000", "time": "2025-07-14T12:41:14.723632Z", "fetched_at": "2025-07-14T12:42:30.435216+00:00", "symbol": "DOGE-USD"}, {"trade_id": 138966381, "side": "buy", "size": "243.70000000", "price": "0.20525000", "time": "2025-07-14T12:41:14.578451Z", "fetched_at": "2025-07-14T12:42:30.435216+00:00", "symbol": "DOGE-USD"}, {"trade_id": 138966380, "side": "buy", "size": "404.10000000", "price": "0.20522000", "time": "2025-07-14T12:41:12.535547Z", "fetched_at": "2025-07-14T12:42:30.435216+00:00", "symbol": "DOGE-USD"}, {"trade_id": 138966379, "side": "buy", "size": "1124.40000000", "price": "0.20523000", "time": "2025-07-14T12:41:12.535547Z", "fetched_at": "2025-07-14T12:42:30.435216+00:00", "symbol": "DOGE-USD"}, {"trade_id": 138966378, "side": "sell", "size": "5.40000000", "price": "0.20524000", "time": "2025-07-14T12:41:12.181490Z", "fetched_at": "2025-07-14T12:42:30.435216+00:00", "symbol": "DOGE-USD"}, {"trade_id": 138966377, "side": "sell", "size": "5.40000000", "price": "0.20522000", "time": "2025-07-14T12:41:11.357584Z", "fetched_at": "2025-07-14T12:42:30.435216+00:00", "symbol": "DOGE-USD"}, {"trade_id": 138966376, "side": "sell", "size": "5.40000000", "price": "0.20520000", "time": "2025-07-14T12:41:08.823810Z", "fetched_at": "2025-07-14T12:42:30.435216+00:00", "symbol": "DOGE-USD"}, {"trade_id": 138966375, "side": "sell", "size": "1378.20000000", "price": "0.20519000", "time": "2025-07-14T12:41:08.819653Z", "fetched_at": "2025-07-14T12:42:30.435216+00:00", "symbol": "DOGE-USD"}, {"trade_id": 138966374, "side": "sell", "size": "176.10000000", "price": "0.20518000", "time": "2025-07-14T12:41:06.694929Z", "fetched_at": "2025-07-14T12:42:30.435216+00:00", "symbol": "DOGE-USD"}, {"trade_id": 138966373, "side": "sell", "size": "5.40000000", "price": "0.20518000", "time": "2025-07-14T12:41:06.694929Z", "fetched_at": "2025-07-14T12:42:30.435216+00:00", "symbol": "DOGE-USD"}, {"trade_id": 138966372, "side": "sell", "size": "499.20000000", "price": "0.20516000", "time": "2025-07-14T12:41:06.688250Z", "fetched_at": "2025-07-14T12:42:30.435216+00:00", "symbol": "DOGE-USD"}, {"trade_id": 138966371, "side": "buy", "size": "204.20000000", "price": "0.20510000", "time": "2025-07-14T12:41:03.672069Z", "fetched_at": "2025-07-14T12:42:30.435216+00:00", "symbol": "DOGE-USD"}, {"trade_id": 138966370, "side": "buy", "size": "5.40000000", "price": "0.20510000", "time": "2025-07-14T12:41:03.672069Z", "fetched_at": "2025-07-14T12:42:30.435216+00:00", "symbol": "DOGE-USD"}, {"trade_id": 138966369, "side": "buy", "size": "612.40000000", "price": "0.20511000", "time": "2025-07-14T12:41:03.134630Z", "fetched_at": "2025-07-14T12:42:30.435216+00:00", "symbol": "DOGE-USD"}, {"trade_id": 138966368, "side": "buy", "size": "5.40000000", "price": "0.20512000", "time": "2025-07-14T12:41:03.134630Z", "fetched_at": "2025-07-14T12:42:30.435216+00:00", "symbol": "DOGE-USD"}, {"trade_id": 138966367, "side": "buy", "size": "5.40000000", "price": "0.20514000", "time": "2025-07-14T12:41:03.134630Z", "fetched_at": "2025-07-14T12:42:30.435216+00:00", "symbol": "DOGE-USD"}, {"trade_id": 138966366, "side": "buy", "size": "5.40000000", "price": "0.20516000", "time": "2025-07-14T12:41:03.134630Z", "fetched_at": "2025-07-14T12:42:30.435216+00:00", "symbol": "DOGE-USD"}, {"trade_id": 138966365, "side": "buy", "size": "5.40000000", "price": "0.20518000", "time": "2025-07-14T12:41:02.522749Z", "fetched_at": "2025-07-14T12:42:30.435216+00:00", "symbol": "DOGE-USD"}, {"trade_id": 138966364, "side": "sell", "size": "822.90000000", "price": "0.20522000", "time": "2025-07-14T12:41:00.846439Z", "fetched_at": "2025-07-14T12:42:30.435216+00:00", "symbol": "DOGE-USD"}, {"trade_id": 138966363, "side": "sell", "size": "1431.20000000", "price": "0.20521000", "time": "2025-07-14T12:41:00.846439Z", "fetched_at": "2025-07-14T12:42:30.435216+00:00", "symbol": "DOGE-USD"}, {"trade_id": 138966362, "side": "sell", "size": "158.20000000", "price": "0.20520000", "time": "2025-07-14T12:41:00.846439Z", "fetched_at": "2025-07-14T12:42:30.435216+00:00", "symbol": "DOGE-USD"}, {"trade_id": 138966361, "side": "sell", "size": "46.20000000", "price": "0.20520000", "time": "2025-07-14T12:40:58.296848Z", "fetched_at": "2025-07-14T12:42:30.435216+00:00", "symbol": "DOGE-USD"}, {"trade_id": 138966360, "side": "buy", "size": "830.40000000", "price": "0.20520000", "time": "2025-07-14T12:40:56.576667Z", "fetched_at": "2025-07-14T12:42:30.435216+00:00", "symbol": "DOGE-USD"}, {"trade_id": 138966359, "side": "buy", "size": "698.30000000", "price": "0.20520000", "time": "2025-07-14T12:40:56.576667Z", "fetched_at": "2025-07-14T12:42:30.435216+00:00", "symbol": "DOGE-USD"}, {"trade_id": 138966358, "side": "buy", "size": "5.40000000", "price": "0.20520000", "time": "2025-07-14T12:40:56.576667Z", "fetched_at": "2025-07-14T12:42:30.435216+00:00", "symbol": "DOGE-USD"}, {"trade_id": 138966357, "side": "buy", "size": "5.40000000", "price": "0.20522000", "time": "2025-07-14T12:40:56.576667Z", "fetched_at": "2025-07-14T12:42:30.435216+00:00", "symbol": "DOGE-USD"}, {"trade_id": 138966356, "side": "buy", "size": "188.50000000", "price": "0.20526000", "time": "2025-07-14T12:40:51.084870Z", "fetched_at": "2025-07-14T12:42:30.435216+00:00", "symbol": "DOGE-USD"}, {"trade_id": 138966355, "side": "buy", "size": "2000.00000000", "price": "0.20531000", "time": "2025-07-14T12:40:50.342331Z", "fetched_at": "2025-07-14T12:42:30.435216+00:00", "symbol": "DOGE-USD"}, {"trade_id": 138966354, "side": "sell", "size": "5.40000000", "price": "0.20530000", "time": "2025-07-14T12:40:49.780039Z", "fetched_at": "2025-07-14T12:42:30.435216+00:00", "symbol": "DOGE-USD"}, {"trade_id": 138966353, "side": "sell", "size": "832.60000000", "price": "0.20528000", "time": "2025-07-14T12:40:48.298731Z", "fetched_at": "2025-07-14T12:42:30.435216+00:00", "symbol": "DOGE-USD"}, {"trade_id": 138966352, "side": "sell", "size": "5.40000000", "price": "0.20528000", "time": "2025-07-14T12:40:48.298731Z", "fetched_at": "2025-07-14T12:42:30.435216+00:00", "symbol": "DOGE-USD"}, {"trade_id": 138966351, "side": "sell", "size": "832.60000000", "price": "0.20527000", "time": "2025-07-14T12:40:48.298731Z", "fetched_at": "2025-07-14T12:42:30.435216+00:00", "symbol": "DOGE-USD"}, {"trade_id": 138966350, "side": "sell", "size": "162.80000000", "price": "0.20526000", "time": "2025-07-14T12:40:48.296591Z", "fetched_at": "2025-07-14T12:42:30.435216+00:00", "symbol": "DOGE-USD"}, {"trade_id": 138966349, "side": "sell", "size": "5.40000000", "price": "0.20526000", "time": "2025-07-14T12:40:48.296591Z", "fetched_at": "2025-07-14T12:42:30.435216+00:00", "symbol": "DOGE-USD"}, {"trade_id": 138966348, "side": "sell", "size": "3.70000000", "price": "0.20524000", "time": "2025-07-14T12:40:47.938259Z", "fetched_at": "2025-07-14T12:42:30.435216+00:00", "symbol": "DOGE-USD"}, {"trade_id": 138966347, "side": "sell", "size": "5.40000000", "price": "0.20524000", "time": "2025-07-14T12:40:47.938259Z", "fetched_at": "2025-07-14T12:42:30.435216+00:00", "symbol": "DOGE-USD"}, {"trade_id": 138966346, "side": "sell", "size": "5.40000000", "price": "0.20522000", "time": "2025-07-14T12:40:47.938259Z", "fetched_at": "2025-07-14T12:42:30.435216+00:00", "symbol": "DOGE-USD"}, {"trade_id": 138966345, "side": "sell", "size": "5.40000000", "price": "0.20520000", "time": "2025-07-14T12:40:46.562855Z", "fetched_at": "2025-07-14T12:42:30.435216+00:00", "symbol": "DOGE-USD"}, {"trade_id": 138966344, "side": "sell", "size": "378.30000000", "price": "0.20518000", "time": "2025-07-14T12:40:46.560798Z", "fetched_at": "2025-07-14T12:42:30.435216+00:00", "symbol": "DOGE-USD"}, {"trade_id": 138966343, "side": "sell", "size": "26.90000000", "price": "0.20518000", "time": "2025-07-14T12:40:46.533248Z", "fetched_at": "2025-07-14T12:42:30.435216+00:00", "symbol": "DOGE-USD"}, {"trade_id": 138966342, "side": "sell", "size": "784.30000000", "price": "0.20518000", "time": "2025-07-14T12:40:45.699527Z", "fetched_at": "2025-07-14T12:42:30.435216+00:00", "symbol": "DOGE-USD"}, {"trade_id": 138966341, "side": "sell", "size": "5.40000000", "price": "0.20518000", "time": "2025-07-14T12:40:45.699527Z", "fetched_at": "2025-07-14T12:42:30.435216+00:00", "symbol": "DOGE-USD"}, {"trade_id": 138966340, "side": "buy", "size": "173.70000000", "price": "0.20517000", "time": "2025-07-14T12:40:45.273159Z", "fetched_at": "2025-07-14T12:42:30.435216+00:00", "symbol": "DOGE-USD"}, {"trade_id": 138966339, "side": "sell", "size": "832.60000000", "price": "0.20516000", "time": "2025-07-14T12:40:42.967626Z", "fetched_at": "2025-07-14T12:42:30.435216+00:00", "symbol": "DOGE-USD"}, {"trade_id": 138966338, "side": "sell", "size": "5.40000000", "price": "0.20516000", "time": "2025-07-14T12:40:42.967626Z", "fetched_at": "2025-07-14T12:42:30.435216+00:00", "symbol": "DOGE-USD"}, {"trade_id": 138966337, "side": "sell", "size": "164.80000000", "price": "0.20515000", "time": "2025-07-14T12:40:42.963302Z", "fetched_at": "2025-07-14T12:42:30.435216+00:00", "symbol": "DOGE-USD"}, {"trade_id": 138966336, "side": "sell", "size": "930.30000000", "price": "0.20514000", "time": "2025-07-14T12:40:42.963302Z", "fetched_at": "2025-07-14T12:42:30.435216+00:00", "symbol": "DOGE-USD"}, {"trade_id": 138966335, "side": "sell", "size": "5.40000000", "price": "0.20514000", "time": "2025-07-14T12:40:42.963302Z", "fetched_at": "2025-07-14T12:42:30.435216+00:00", "symbol": "DOGE-USD"}, {"trade_id": 138966334, "side": "sell", "size": "5.40000000", "price": "0.20512000", "time": "2025-07-14T12:40:42.714215Z", "fetched_at": "2025-07-14T12:42:30.435216+00:00", "symbol": "DOGE-USD"}, {"trade_id": 138966333, "side": "sell", "size": "5.40000000", "price": "0.20510000", "time": "2025-07-14T12:40:41.947272Z", "fetched_at": "2025-07-14T12:42:30.435216+00:00", "symbol": "DOGE-USD"}, {"trade_id": 138966332, "side": "buy", "size": "500.00000000", "price": "0.20509000", "time": "2025-07-14T12:40:41.340357Z", "fetched_at": "2025-07-14T12:42:30.435216+00:00", "symbol": "DOGE-USD"}, {"trade_id": 138966331, "side": "sell", "size": "780.40000000", "price": "0.20508000", "time": "2025-07-14T12:40:38.678643Z", "fetched_at": "2025-07-14T12:42:30.435216+00:00", "symbol": "DOGE-USD"}, {"trade_id": 138966330, "side": "sell", "size": "51.10000000", "price": "0.20508000", "time": "2025-07-14T12:40:38.573337Z", "fetched_at": "2025-07-14T12:42:30.435216+00:00", "symbol": "DOGE-USD"}, {"trade_id": 138966329, "side": "sell", "size": "5.40000000", "price": "0.20508000", "time": "2025-07-14T12:40:38.573337Z", "fetched_at": "2025-07-14T12:42:30.435216+00:00", "symbol": "DOGE-USD"}, {"trade_id": 138966328, "side": "sell", "size": "5.40000000", "price": "0.20506000", "time": "2025-07-14T12:40:38.573337Z", "fetched_at": "2025-07-14T12:42:30.435216+00:00", "symbol": "DOGE-USD"}, {"trade_id": 138966327, "side": "buy", "size": "128.00000000", "price": "0.20503000", "time": "2025-07-14T12:40:37.651952Z", "fetched_at": "2025-07-14T12:42:30.435216+00:00", "symbol": "DOGE-USD"}, {"trade_id": 138966326, "side": "sell", "size": "474.00000000", "price": "0.20503000", "time": "2025-07-14T12:40:32.494224Z", "fetched_at": "2025-07-14T12:42:30.435216+00:00", "symbol": "DOGE-USD"}, {"trade_id": 138966325, "side": "sell", "size": "5.40000000", "price": "0.20512000", "time": "2025-07-14T12:40:27.458237Z", "fetched_at": "2025-07-14T12:42:30.435216+00:00", "symbol": "DOGE-USD"}, {"trade_id": 138966324, "side": "sell", "size": "5.40000000", "price": "0.20510000", "time": "2025-07-14T12:40:27.387989Z", "fetched_at": "2025-07-14T12:42:30.435216+00:00", "symbol": "DOGE-USD"}, {"trade_id": 138966323, "side": "sell", "size": "5.40000000", "price": "0.20508000", "time": "2025-07-14T12:40:27.342326Z", "fetched_at": "2025-07-14T12:42:30.435216+00:00", "symbol": "DOGE-USD"}, {"trade_id": 138966322, "side": "sell", "size": "5.40000000", "price": "0.20506000", "time": "2025-07-14T12:40:27.299110Z", "fetched_at": "2025-07-14T12:42:30.435216+00:00", "symbol": "DOGE-USD"}, {"trade_id": 138966321, "side": "sell", "size": "5.40000000", "price": "0.20504000", "time": "2025-07-14T12:40:27.248685Z", "fetched_at": "2025-07-14T12:42:30.435216+00:00", "symbol": "DOGE-USD"}, {"trade_id": 138966320, "side": "sell", "size": "17687.50000000", "price": "0.20504000", "time": "2025-07-14T12:40:27.248685Z", "fetched_at": "2025-07-14T12:42:30.435216+00:00", "symbol": "DOGE-USD"}, {"trade_id": 138966319, "side": "sell", "size": "1945.40000000", "price": "0.20504000", "time": "2025-07-14T12:40:27.248685Z", "fetched_at": "2025-07-14T12:42:30.435216+00:00", "symbol": "DOGE-USD"}, {"trade_id": 138966318, "side": "sell", "size": "195.20000000", "price": "0.20500000", "time": "2025-07-14T12:40:27.185779Z", "fetched_at": "2025-07-14T12:42:30.435216+00:00", "symbol": "DOGE-USD"}, {"trade_id": 138966317, "side": "sell", "size": "171.40000000", "price": "0.20499000", "time": "2025-07-14T12:40:22.318079Z", "fetched_at": "2025-07-14T12:42:30.435216+00:00", "symbol": "DOGE-USD"}, {"trade_id": 138966316, "side": "sell", "size": "183.00000000", "price": "0.20499000", "time": "2025-07-14T12:40:22.318079Z", "fetched_at": "2025-07-14T12:42:30.435216+00:00", "symbol": "DOGE-USD"}, {"trade_id": 138966315, "side": "sell", "size": "482.80000000", "price": "0.20500000", "time": "2025-07-14T12:40:21.893267Z", "fetched_at": "2025-07-14T12:42:30.435216+00:00", "symbol": "DOGE-USD"}, {"trade_id": 138966314, "side": "sell", "size": "17674.90000000", "price": "0.20499000", "time": "2025-07-14T12:40:21.163996Z", "fetched_at": "2025-07-14T12:42:30.435216+00:00", "symbol": "DOGE-USD"}, {"trade_id": 138966313, "side": "sell", "size": "7.20000000", "price": "0.20499000", "time": "2025-07-14T12:40:19.978240Z", "fetched_at": "2025-07-14T12:42:30.435216+00:00", "symbol": "DOGE-USD"}, {"trade_id": 138966312, "side": "buy", "size": "5.40000000", "price": "0.20500000", "time": "2025-07-14T12:40:19.414835Z", "fetched_at": "2025-07-14T12:42:30.435216+00:00", "symbol": "DOGE-USD"}, {"trade_id": 138966311, "side": "buy", "size": "5.40000000", "price": "0.20502000", "time": "2025-07-14T12:40:19.350383Z", "fetched_at": "2025-07-14T12:42:30.435216+00:00", "symbol": "DOGE-USD"}, {"trade_id": 138966310, "side": "sell", "size": "23.00000000", "price": "0.20503000", "time": "2025-07-14T12:40:19.083122Z", "fetched_at": "2025-07-14T12:42:30.435216+00:00", "symbol": "DOGE-USD"}, {"trade_id": 138966309, "side": "sell", "size": "235.60000000", "price": "0.20503000", "time": "2025-07-14T12:40:19.083122Z", "fetched_at": "2025-07-14T12:42:30.435216+00:00", "symbol": "DOGE-USD"}, {"trade_id": 138966308, "side": "sell", "size": "799.10000000", "price": "0.20503000", "time": "2025-07-14T12:40:15.512671Z", "fetched_at": "2025-07-14T12:42:30.435216+00:00", "symbol": "DOGE-USD"}, {"trade_id": 138966307, "side": "buy", "size": "5.40000000", "price": "0.20504000", "time": "2025-07-14T12:40:14.449392Z", "fetched_at": "2025-07-14T12:42:30.435216+00:00", "symbol": "DOGE-USD"}, {"trade_id": 138966306, "side": "buy", "size": "5.40000000", "price": "0.20506000", "time": "2025-07-14T12:40:09.037344Z", "fetched_at": "2025-07-14T12:42:30.435216+00:00", "symbol": "DOGE-USD"}, {"trade_id": 138966305, "side": "buy", "size": "5.40000000", "price": "0.20508000", "time": "2025-07-14T12:40:08.631913Z", "fetched_at": "2025-07-14T12:42:30.435216+00:00", "symbol": "DOGE-USD"}, {"trade_id": 138966304, "side": "buy", "size": "5.40000000", "price": "0.20510000", "time": "2025-07-14T12:40:07.966824Z", "fetched_at": "2025-07-14T12:42:30.435216+00:00", "symbol": "DOGE-USD"}, {"trade_id": 138966303, "side": "sell", "size": "858.90000000", "price": "0.20517000", "time": "2025-07-14T12:40:05.738072Z", "fetched_at": "2025-07-14T12:42:30.435216+00:00", "symbol": "DOGE-USD"}, {"trade_id": 138966302, "side": "sell", "size": "1508.00000000", "price": "0.20516000", "time": "2025-07-14T12:40:05.738072Z", "fetched_at": "2025-07-14T12:42:30.435216+00:00", "symbol": "DOGE-USD"}, {"trade_id": 138966301, "side": "sell", "size": "1310.00000000", "price": "0.20516000", "time": "2025-07-14T12:40:05.738072Z", "fetched_at": "2025-07-14T12:42:30.435216+00:00", "symbol": "DOGE-USD"}, {"trade_id": 138966300, "side": "buy", "size": "1949.90000000", "price": "0.20512000", "time": "2025-07-14T12:40:04.648997Z", "fetched_at": "2025-07-14T12:42:30.435216+00:00", "symbol": "DOGE-USD"}, {"trade_id": 138966299, "side": "buy", "size": "5.40000000", "price": "0.20512000", "time": "2025-07-14T12:40:04.648997Z", "fetched_at": "2025-07-14T12:42:30.435216+00:00", "symbol": "DOGE-USD"}, {"trade_id": 138966298, "side": "buy", "size": "5.40000000", "price": "0.20514000", "time": "2025-07-14T12:40:04.644552Z", "fetched_at": "2025-07-14T12:42:30.435216+00:00", "symbol": "DOGE-USD"}, {"trade_id": 138966297, "side": "buy", "size": "5.40000000", "price": "0.20516000", "time": "2025-07-14T12:40:04.592047Z", "fetched_at": "2025-07-14T12:42:30.435216+00:00", "symbol": "DOGE-USD"}, {"trade_id": 138966296, "side": "buy", "size": "5.40000000", "price": "0.20518000", "time": "2025-07-14T12:40:03.598914Z", "fetched_at": "2025-07-14T12:42:30.435216+00:00", "symbol": "DOGE-USD"}, {"trade_id": 138966295, "side": "buy", "size": "5.40000000", "price": "0.20520000", "time": "2025-07-14T12:40:03.307366Z", "fetched_at": "2025-07-14T12:42:30.435216+00:00", "symbol": "DOGE-USD"}, {"trade_id": 138966294, "side": "sell", "size": "776.80000000", "price": "0.20523000", "time": "2025-07-14T12:40:03.237280Z", "fetched_at": "2025-07-14T12:42:30.435216+00:00", "symbol": "DOGE-USD"}, {"trade_id": 138966293, "side": "sell", "size": "1142.10000000", "price": "0.20522000", "time": "2025-07-14T12:40:03.237280Z", "fetched_at": "2025-07-14T12:42:30.435216+00:00", "symbol": "DOGE-USD"}, {"trade_id": 138966292, "side": "sell", "size": "183.00000000", "price": "0.20521000", "time": "2025-07-14T12:40:03.237280Z", "fetched_at": "2025-07-14T12:42:30.435216+00:00", "symbol": "DOGE-USD"}, {"trade_id": 138966291, "side": "sell", "size": "305.60000000", "price": "0.20521000", "time": "2025-07-14T12:40:03.237280Z", "fetched_at": "2025-07-14T12:42:30.435216+00:00", "symbol": "DOGE-USD"}, {"trade_id": 138966290, "side": "buy", "size": "5.40000000", "price": "0.20522000", "time": "2025-07-14T12:40:00.756494Z", "fetched_at": "2025-07-14T12:42:30.435216+00:00", "symbol": "DOGE-USD"}, {"trade_id": 138966289, "side": "buy", "size": "0.20000000", "price": "0.20527000", "time": "2025-07-14T12:39:57.914788Z", "fetched_at": "2025-07-14T12:42:30.435216+00:00", "symbol": "DOGE-USD"}, {"trade_id": 138966288, "side": "buy", "size": "17604.60000000", "price": "0.20523000", "time": "2025-07-14T12:39:57.452141Z", "fetched_at": "2025-07-14T12:42:30.435216+00:00", "symbol": "DOGE-USD"}, {"trade_id": 138966287, "side": "buy", "size": "4392.50000000", "price": "0.20523000", "time": "2025-07-14T12:39:57.452141Z", "fetched_at": "2025-07-14T12:42:30.435216+00:00", "symbol": "DOGE-USD"}, {"trade_id": 138966286, "side": "buy", "size": "2000.00000000", "price": "0.20526000", "time": "2025-07-14T12:39:57.452141Z", "fetched_at": "2025-07-14T12:42:30.435216+00:00", "symbol": "DOGE-USD"}, {"trade_id": 138966285, "side": "buy", "size": "828.20000000", "price": "0.20524000", "time": "2025-07-14T12:39:57.450037Z", "fetched_at": "2025-07-14T12:42:30.435216+00:00", "symbol": "DOGE-USD"}, {"trade_id": 138966284, "side": "buy", "size": "10562.80000000", "price": "0.20524000", "time": "2025-07-14T12:39:57.450037Z", "fetched_at": "2025-07-14T12:42:30.435216+00:00", "symbol": "DOGE-USD"}, {"trade_id": 138966283, "side": "buy", "size": "5.40000000", "price": "0.20524000", "time": "2025-07-14T12:39:57.450037Z", "fetched_at": "2025-07-14T12:42:30.435216+00:00", "symbol": "DOGE-USD"}, {"trade_id": 138966282, "side": "buy", "size": "651.30000000", "price": "0.20525000", "time": "2025-07-14T12:39:57.450037Z", "fetched_at": "2025-07-14T12:42:30.435216+00:00", "symbol": "DOGE-USD"}, {"trade_id": 138966281, "side": "buy", "size": "5.40000000", "price": "0.20526000", "time": "2025-07-14T12:39:57.450037Z", "fetched_at": "2025-07-14T12:42:30.435216+00:00", "symbol": "DOGE-USD"}, {"trade_id": 138966280, "side": "buy", "size": "5.40000000", "price": "0.20528000", "time": "2025-07-14T12:39:57.450037Z", "fetched_at": "2025-07-14T12:42:30.435216+00:00", "symbol": "DOGE-USD"}, {"trade_id": 138966279, "side": "sell", "size": "4.80000000", "price": "0.20529000", "time": "2025-07-14T12:39:56.066278Z", "fetched_at": "2025-07-14T12:42:30.435216+00:00", "symbol": "DOGE-USD"}, {"trade_id": 138966278, "side": "sell", "size": "1141.60000000", "price": "0.20530000", "time": "2025-07-14T12:39:55.647270Z", "fetched_at": "2025-07-14T12:42:30.435216+00:00", "symbol": "DOGE-USD"}, {"trade_id": 138966277, "side": "buy", "size": "5.40000000", "price": "0.20532000", "time": "2025-07-14T12:39:55.472171Z", "fetched_at": "2025-07-14T12:42:30.435216+00:00", "symbol": "DOGE-USD"}, {"trade_id": 138966276, "side": "buy", "size": "5.40000000", "price": "0.20534000", "time": "2025-07-14T12:39:54.848230Z", "fetched_at": "2025-07-14T12:42:30.435216+00:00", "symbol": "DOGE-USD"}, {"trade_id": 138966275, "side": "buy", "size": "5.40000000", "price": "0.20536000", "time": "2025-07-14T12:39:54.796284Z", "fetched_at": "2025-07-14T12:42:30.435216+00:00", "symbol": "DOGE-USD"}, {"trade_id": 138966274, "side": "buy", "size": "5.40000000", "price": "0.20538000", "time": "2025-07-14T12:39:54.577543Z", "fetched_at": "2025-07-14T12:42:30.435216+00:00", "symbol": "DOGE-USD"}, {"trade_id": 138966273, "side": "buy", "size": "2250.00000000", "price": "0.20541000", "time": "2025-07-14T12:39:51.943961Z", "fetched_at": "2025-07-14T12:42:30.435216+00:00", "symbol": "DOGE-USD"}, {"trade_id": 138966272, "side": "buy", "size": "828.20000000", "price": "0.20540000", "time": "2025-07-14T12:39:51.939566Z", "fetched_at": "2025-07-14T12:42:30.435216+00:00", "symbol": "DOGE-USD"}, {"trade_id": 138966271, "side": "buy", "size": "1874.10000000", "price": "0.20540000", "time": "2025-07-14T12:39:51.939566Z", "fetched_at": "2025-07-14T12:42:30.435216+00:00", "symbol": "DOGE-USD"}, {"trade_id": 138966270, "side": "buy", "size": "5.40000000", "price": "0.20540000", "time": "2025-07-14T12:39:51.939566Z", "fetched_at": "2025-07-14T12:42:30.435216+00:00", "symbol": "DOGE-USD"}, {"trade_id": 138966269, "side": "buy", "size": "1613.70000000", "price": "0.20541000", "time": "2025-07-14T12:39:51.939566Z", "fetched_at": "2025-07-14T12:42:30.435216+00:00", "symbol": "DOGE-USD"}, {"trade_id": 138966268, "side": "buy", "size": "2250.00000000", "price": "0.20542000", "time": "2025-07-14T12:39:51.926961Z", "fetched_at": "2025-07-14T12:42:30.435216+00:00", "symbol": "DOGE-USD"}, {"trade_id": 138966267, "side": "buy", "size": "5.40000000", "price": "0.20542000", "time": "2025-07-14T12:39:51.926961Z", "fetched_at": "2025-07-14T12:42:30.435216+00:00", "symbol": "DOGE-USD"}, {"trade_id": 138966266, "side": "buy", "size": "98.20000000", "price": "0.20543000", "time": "2025-07-14T12:39:51.926961Z", "fetched_at": "2025-07-14T12:42:30.435216+00:00", "symbol": "DOGE-USD"}, {"trade_id": 138966265, "side": "buy", "size": "5.40000000", "price": "0.20544000", "time": "2025-07-14T12:39:51.926961Z", "fetched_at": "2025-07-14T12:42:30.435216+00:00", "symbol": "DOGE-USD"}, {"trade_id": 138966264, "side": "buy", "size": "2000.00000000", "price": "0.20546000", "time": "2025-07-14T12:39:51.782554Z", "fetched_at": "2025-07-14T12:42:30.435216+00:00", "symbol": "DOGE-USD"}, {"trade_id": 138966263, "side": "buy", "size": "5.40000000", "price": "0.20546000", "time": "2025-07-14T12:39:51.782554Z", "fetched_at": "2025-07-14T12:42:30.435216+00:00", "symbol": "DOGE-USD"}, {"trade_id": 138966262, "side": "buy", "size": "472.40000000", "price": "0.20547000", "time": "2025-07-14T12:39:51.782554Z", "fetched_at": "2025-07-14T12:42:30.435216+00:00", "symbol": "DOGE-USD"}, {"trade_id": 138966261, "side": "buy", "size": "5.40000000", "price": "0.20548000", "time": "2025-07-14T12:39:51.782554Z", "fetched_at": "2025-07-14T12:42:30.435216+00:00", "symbol": "DOGE-USD"}, {"trade_id": 138966260, "side": "buy", "size": "5.40000000", "price": "0.20550000", "time": "2025-07-14T12:39:51.743482Z", "fetched_at": "2025-07-14T12:42:30.435216+00:00", "symbol": "DOGE-USD"}, {"trade_id": 138966259, "side": "buy", "size": "5.40000000", "price": "0.20552000", "time": "2025-07-14T12:39:51.314058Z", "fetched_at": "2025-07-14T12:42:30.435216+00:00", "symbol": "DOGE-USD"}, {"trade_id": 138966258, "side": "buy", "size": "2000.00000000", "price": "0.20554000", "time": "2025-07-14T12:39:48.594327Z", "fetched_at": "2025-07-14T12:42:30.435216+00:00", "symbol": "DOGE-USD"}, {"trade_id": 138966257, "side": "buy", "size": "119.90000000", "price": "0.20555000", "time": "2025-07-14T12:39:45.016993Z", "fetched_at": "2025-07-14T12:42:30.435216+00:00", "symbol": "DOGE-USD"}, {"trade_id": 138966256, "side": "buy", "size": "716.20000000", "price": "0.20555000", "time": "2025-07-14T12:39:45.016993Z", "fetched_at": "2025-07-14T12:42:30.435216+00:00", "symbol": "DOGE-USD"}, {"trade_id": 138966255, "side": "buy", "size": "2000.00000000", "price": "0.20557000", "time": "2025-07-14T12:39:45.016993Z", "fetched_at": "2025-07-14T12:42:30.435216+00:00", "symbol": "DOGE-USD"}, {"trade_id": 138966254, "side": "sell", "size": "5.40000000", "price": "0.20558000", "time": "2025-07-14T12:39:42.440926Z", "fetched_at": "2025-07-14T12:42:30.435216+00:00", "symbol": "DOGE-USD"}, {"trade_id": 138966253, "side": "sell", "size": "612.50000000", "price": "0.20556000", "time": "2025-07-14T12:39:38.687318Z", "fetched_at": "2025-07-14T12:42:30.435216+00:00", "symbol": "DOGE-USD"}, {"trade_id": 138966252, "side": "sell", "size": "1515.40000000", "price": "0.20556000", "time": "2025-07-14T12:39:38.687318Z", "fetched_at": "2025-07-14T12:42:30.435216+00:00", "symbol": "DOGE-USD"}, {"trade_id": 138966251, "side": "sell", "size": "0.60000000", "price": "0.20556000", "time": "2025-07-14T12:39:38.687318Z", "fetched_at": "2025-07-14T12:42:30.435216+00:00", "symbol": "DOGE-USD"}, {"trade_id": 138966250, "side": "buy", "size": "229.40000000", "price": "0.20554000", "time": "2025-07-14T12:39:37.534660Z", "fetched_at": "2025-07-14T12:42:30.435216+00:00", "symbol": "DOGE-USD"}, {"trade_id": 138966249, "side": "sell", "size": "4.80000000", "price": "0.20556000", "time": "2025-07-14T12:39:35.395441Z", "fetched_at": "2025-07-14T12:42:30.435216+00:00", "symbol": "DOGE-USD"}, {"trade_id": 138966248, "side": "sell", "size": "5.40000000", "price": "0.20554000", "time": "2025-07-14T12:39:26.547284Z", "fetched_at": "2025-07-14T12:42:30.435216+00:00", "symbol": "DOGE-USD"}, {"trade_id": 138966247, "side": "sell", "size": "5.40000000", "price": "0.20552000", "time": "2025-07-14T12:39:26.320954Z", "fetched_at": "2025-07-14T12:42:30.435216+00:00", "symbol": "DOGE-USD"}, {"trade_id": 138966246, "side": "buy", "size": "435.00000000", "price": "0.20550000", "time": "2025-07-14T12:39:25.008741Z", "fetched_at": "2025-07-14T12:42:30.435216+00:00", "symbol": "DOGE-USD"}, {"trade_id": 138966245, "side": "buy", "size": "1435.40000000", "price": "0.20550000", "time": "2025-07-14T12:39:25.008741Z", "fetched_at": "2025-07-14T12:42:30.435216+00:00", "symbol": "DOGE-USD"}, {"trade_id": 138966244, "side": "buy", "size": "19.20000000", "price": "0.20547000", "time": "2025-07-14T12:39:21.002481Z", "fetched_at": "2025-07-14T12:42:30.435216+00:00", "symbol": "DOGE-USD"}, {"trade_id": 138966243, "side": "sell", "size": "122.20000000", "price": "0.20549000", "time": "2025-07-14T12:39:20.266008Z", "fetched_at": "2025-07-14T12:42:30.435216+00:00", "symbol": "DOGE-USD"}, {"trade_id": 138966242, "side": "sell", "size": "1383.20000000", "price": "0.20549000", "time": "2025-07-14T12:39:20.266008Z", "fetched_at": "2025-07-14T12:42:30.435216+00:00", "symbol": "DOGE-USD"}, {"trade_id": 138966241, "side": "sell", "size": "1380.00000000", "price": "0.20548000", "time": "2025-07-14T12:39:20.266008Z", "fetched_at": "2025-07-14T12:42:30.435216+00:00", "symbol": "DOGE-USD"}, {"trade_id": 138966240, "side": "sell", "size": "5.40000000", "price": "0.20548000", "time": "2025-07-14T12:39:20.266008Z", "fetched_at": "2025-07-14T12:42:30.435216+00:00", "symbol": "DOGE-USD"}, {"trade_id": 138966239, "side": "sell", "size": "92.70000000", "price": "0.20547000", "time": "2025-07-14T12:39:20.266008Z", "fetched_at": "2025-07-14T12:42:30.435216+00:00", "symbol": "DOGE-USD"}, {"trade_id": 138966238, "side": "buy", "size": "333.60000000", "price": "0.20538000", "time": "2025-07-14T12:39:16.940676Z", "fetched_at": "2025-07-14T12:42:30.435216+00:00", "symbol": "DOGE-USD"}, {"trade_id": 138966237, "side": "buy", "size": "2250.00000000", "price": "0.20538000", "time": "2025-07-14T12:39:16.940676Z", "fetched_at": "2025-07-14T12:42:30.435216+00:00", "symbol": "DOGE-USD"}, {"trade_id": 138966236, "side": "buy", "size": "5947.90000000", "price": "0.20538000", "time": "2025-07-14T12:39:16.940676Z", "fetched_at": "2025-07-14T12:42:30.435216+00:00", "symbol": "DOGE-USD"}, {"trade_id": 138966235, "side": "buy", "size": "9900.60000000", "price": "0.20538000", "time": "2025-07-14T12:39:16.940676Z", "fetched_at": "2025-07-14T12:42:30.435216+00:00", "symbol": "DOGE-USD"}, {"trade_id": 138966234, "side": "buy", "size": "1594.00000000", "price": "0.20538000", "time": "2025-07-14T12:39:16.940676Z", "fetched_at": "2025-07-14T12:42:30.435216+00:00", "symbol": "DOGE-USD"}, {"trade_id": 138966233, "side": "buy", "size": "810.00000000", "price": "0.20538000", "time": "2025-07-14T12:39:16.940676Z", "fetched_at": "2025-07-14T12:42:30.435216+00:00", "symbol": "DOGE-USD"}, {"trade_id": 138966232, "side": "buy", "size": "5.40000000", "price": "0.20538000", "time": "2025-07-14T12:39:16.940676Z", "fetched_at": "2025-07-14T12:42:30.435216+00:00", "symbol": "DOGE-USD"}, {"trade_id": 138966231, "side": "buy", "size": "2411.30000000", "price": "0.20539000", "time": "2025-07-14T12:39:16.940676Z", "fetched_at": "2025-07-14T12:42:30.435216+00:00", "symbol": "DOGE-USD"}, {"trade_id": 138966230, "side": "buy", "size": "2410.30000000", "price": "0.20539000", "time": "2025-07-14T12:39:16.940676Z", "fetched_at": "2025-07-14T12:42:30.435216+00:00", "symbol": "DOGE-USD"}, {"trade_id": 138966229, "side": "buy", "size": "1438.10000000", "price": "0.20539000", "time": "2025-07-14T12:39:16.940676Z", "fetched_at": "2025-07-14T12:42:30.435216+00:00", "symbol": "DOGE-USD"}, {"trade_id": 138966228, "side": "buy", "size": "1442.30000000", "price": "0.20540000", "time": "2025-07-14T12:39:16.940676Z", "fetched_at": "2025-07-14T12:42:30.435216+00:00", "symbol": "DOGE-USD"}, {"trade_id": 138966227, "side": "buy", "size": "5.40000000", "price": "0.20540000", "time": "2025-07-14T12:39:16.940676Z", "fetched_at": "2025-07-14T12:42:30.435216+00:00", "symbol": "DOGE-USD"}, {"trade_id": 138966226, "side": "buy", "size": "937.70000000", "price": "0.20541000", "time": "2025-07-14T12:39:16.940676Z", "fetched_at": "2025-07-14T12:42:30.435216+00:00", "symbol": "DOGE-USD"}, {"trade_id": 138966225, "side": "buy", "size": "5.40000000", "price": "0.20542000", "time": "2025-07-14T12:39:16.940676Z", "fetched_at": "2025-07-14T12:42:30.435216+00:00", "symbol": "DOGE-USD"}, {"trade_id": 138966224, "side": "buy", "size": "5.40000000", "price": "0.20544000", "time": "2025-07-14T12:39:15.648159Z", "fetched_at": "2025-07-14T12:42:30.435216+00:00", "symbol": "DOGE-USD"}, {"trade_id": 138966223, "side": "buy", "size": "1006.20000000", "price": "0.20546000", "time": "2025-07-14T12:39:11.689186Z", "fetched_at": "2025-07-14T12:42:30.435216+00:00", "symbol": "DOGE-USD"}, {"trade_id": 138966222, "side": "buy", "size": "1533.00000000", "price": "0.20547000", "time": "2025-07-14T12:39:11.689186Z", "fetched_at": "2025-07-14T12:42:30.435216+00:00", "symbol": "DOGE-USD"}, {"trade_id": 138966221, "side": "buy", "size": "1598.90000000", "price": "0.20547000", "time": "2025-07-14T12:39:11.689186Z", "fetched_at": "2025-07-14T12:42:30.435216+00:00", "symbol": "DOGE-USD"}, {"trade_id": 138966220, "side": "buy", "size": "2250.00000000", "price": "0.20547000", "time": "2025-07-14T12:39:11.689186Z", "fetched_at": "2025-07-14T12:42:30.435216+00:00", "symbol": "DOGE-USD"}, {"trade_id": 138966219, "side": "sell", "size": "5.40000000", "price": "0.20554000", "time": "2025-07-14T12:39:09.652168Z", "fetched_at": "2025-07-14T12:42:30.435216+00:00", "symbol": "DOGE-USD"}, {"trade_id": 138966218, "side": "buy", "size": "8848.90000000", "price": "0.20544000", "time": "2025-07-14T12:39:08.530184Z", "fetched_at": "2025-07-14T12:42:30.435216+00:00", "symbol": "DOGE-USD"}, {"trade_id": 138966217, "side": "buy", "size": "129.90000000", "price": "0.20544000", "time": "2025-07-14T12:39:08.530184Z", "fetched_at": "2025-07-14T12:42:30.435216+00:00", "symbol": "DOGE-USD"}, {"trade_id": 138966216, "side": "buy", "size": "5.40000000", "price": "0.20544000", "time": "2025-07-14T12:39:08.530184Z", "fetched_at": "2025-07-14T12:42:30.435216+00:00", "symbol": "DOGE-USD"}, {"trade_id": 138966215, "side": "buy", "size": "1311.90000000", "price": "0.20545000", "time": "2025-07-14T12:39:08.530184Z", "fetched_at": "2025-07-14T12:42:30.435216+00:00", "symbol": "DOGE-USD"}, {"trade_id": 138966214, "side": "buy", "size": "10649.10000000", "price": "0.20545000", "time": "2025-07-14T12:39:08.530184Z", "fetched_at": "2025-07-14T12:42:30.435216+00:00", "symbol": "DOGE-USD"}, {"trade_id": 138966213, "side": "buy", "size": "810.00000000", "price": "0.20545000", "time": "2025-07-14T12:39:08.530184Z", "fetched_at": "2025-07-14T12:42:30.435216+00:00", "symbol": "DOGE-USD"}, {"trade_id": 138966212, "side": "buy", "size": "5.40000000", "price": "0.20546000", "time": "2025-07-14T12:39:08.530184Z", "fetched_at": "2025-07-14T12:42:30.435216+00:00", "symbol": "DOGE-USD"}, {"trade_id": 138966211, "side": "buy", "size": "1338.80000000", "price": "0.20547000", "time": "2025-07-14T12:39:08.530184Z", "fetched_at": "2025-07-14T12:42:30.435216+00:00", "symbol": "DOGE-USD"}, {"trade_id": 138966210, "side": "buy", "size": "1141.10000000", "price": "0.20548000", "time": "2025-07-14T12:39:08.530184Z", "fetched_at": "2025-07-14T12:42:30.435216+00:00", "symbol": "DOGE-USD"}, {"trade_id": 138966209, "side": "buy", "size": "810.00000000", "price": "0.20548000", "time": "2025-07-14T12:39:08.530184Z", "fetched_at": "2025-07-14T12:42:30.435216+00:00", "symbol": "DOGE-USD"}, {"trade_id": 138966208, "side": "buy", "size": "5.40000000", "price": "0.20548000", "time": "2025-07-14T12:39:08.530184Z", "fetched_at": "2025-07-14T12:42:30.435216+00:00", "symbol": "DOGE-USD"}, {"trade_id": 138966207, "side": "buy", "size": "1540.10000000", "price": "0.20549000", "time": "2025-07-14T12:39:08.530184Z", "fetched_at": "2025-07-14T12:42:30.435216+00:00", "symbol": "DOGE-USD"}, {"trade_id": 138966206, "side": "sell", "size": "833.30000000", "price": "0.20549000", "time": "2025-07-14T12:39:08.422059Z", "fetched_at": "2025-07-14T12:42:30.435216+00:00", "symbol": "DOGE-USD"}, {"trade_id": 138966205, "side": "buy", "size": "5.40000000", "price": "0.20550000", "time": "2025-07-14T12:39:08.284395Z", "fetched_at": "2025-07-14T12:42:30.435216+00:00", "symbol": "DOGE-USD"}, {"trade_id": 138966204, "side": "buy", "size": "17615.20000000", "price": "0.20552000", "time": "2025-07-14T12:39:06.428557Z", "fetched_at": "2025-07-14T12:42:30.435216+00:00", "symbol": "DOGE-USD"}, {"trade_id": 138966203, "side": "sell", "size": "183.00000000", "price": "0.20556000", "time": "2025-07-14T12:39:04.701172Z", "fetched_at": "2025-07-14T12:42:30.435216+00:00", "symbol": "DOGE-USD"}, {"trade_id": 138966202, "side": "sell", "size": "789.70000000", "price": "0.20553000", "time": "2025-07-14T12:39:01.154854Z", "fetched_at": "2025-07-14T12:42:30.435216+00:00", "symbol": "DOGE-USD"}, {"trade_id": 138966201, "side": "sell", "size": "5.40000000", "price": "0.20566000", "time": "2025-07-14T12:38:58.832242Z", "fetched_at": "2025-07-14T12:42:30.435216+00:00", "symbol": "DOGE-USD"}, {"trade_id": 138966200, "side": "sell", "size": "26.50000000", "price": "0.20566000", "time": "2025-07-14T12:38:58.832242Z", "fetched_at": "2025-07-14T12:42:30.435216+00:00", "symbol": "DOGE-USD"}, {"trade_id": 138966199, "side": "sell", "size": "454.30000000", "price": "0.20565000", "time": "2025-07-14T12:38:58.832242Z", "fetched_at": "2025-07-14T12:42:30.435216+00:00", "symbol": "DOGE-USD"}, {"trade_id": 138966198, "side": "sell", "size": "87.60000000", "price": "0.20564000", "time": "2025-07-14T12:38:58.827781Z", "fetched_at": "2025-07-14T12:42:30.435216+00:00", "symbol": "DOGE-USD"}, {"trade_id": 138966197, "side": "sell", "size": "5.40000000", "price": "0.20564000", "time": "2025-07-14T12:38:58.827781Z", "fetched_at": "2025-07-14T12:42:30.435216+00:00", "symbol": "DOGE-USD"}, {"trade_id": 138966196, "side": "sell", "size": "148.10000000", "price": "0.20564000", "time": "2025-07-14T12:38:58.827781Z", "fetched_at": "2025-07-14T12:42:30.435216+00:00", "symbol": "DOGE-USD"}, {"trade_id": 138966195, "side": "sell", "size": "833.30000000", "price": "0.20563000", "time": "2025-07-14T12:38:58.827781Z", "fetched_at": "2025-07-14T12:42:30.435216+00:00", "symbol": "DOGE-USD"}, {"trade_id": 138966194, "side": "sell", "size": "55.70000000", "price": "0.20563000", "time": "2025-07-14T12:38:58.827781Z", "fetched_at": "2025-07-14T12:42:30.435216+00:00", "symbol": "DOGE-USD"}, {"trade_id": 138966193, "side": "sell", "size": "5.40000000", "price": "0.20562000", "time": "2025-07-14T12:38:58.827781Z", "fetched_at": "2025-07-14T12:42:30.435216+00:00", "symbol": "DOGE-USD"}, {"trade_id": 138966192, "side": "sell", "size": "89.80000000", "price": "0.20562000", "time": "2025-07-14T12:38:58.827781Z", "fetched_at": "2025-07-14T12:42:30.435216+00:00", "symbol": "DOGE-USD"}, {"trade_id": 138966191, "side": "sell", "size": "80.00000000", "price": "0.20561000", "time": "2025-07-14T12:38:58.823514Z", "fetched_at": "2025-07-14T12:42:30.435216+00:00", "symbol": "DOGE-USD"}, {"trade_id": 138966190, "side": "sell", "size": "376.90000000", "price": "0.20560000", "time": "2025-07-14T12:38:58.665691Z", "fetched_at": "2025-07-14T12:42:30.435216+00:00", "symbol": "DOGE-USD"}, {"trade_id": 138966189, "side": "sell", "size": "5.40000000", "price": "0.20560000", "time": "2025-07-14T12:38:58.665691Z", "fetched_at": "2025-07-14T12:42:30.435216+00:00", "symbol": "DOGE-USD"}, {"trade_id": 138966188, "side": "sell", "size": "145.00000000", "price": "0.20560000", "time": "2025-07-14T12:38:58.665691Z", "fetched_at": "2025-07-14T12:42:30.435216+00:00", "symbol": "DOGE-USD"}, {"trade_id": 138966187, "side": "sell", "size": "17.60000000", "price": "0.20560000", "time": "2025-07-14T12:38:57.808263Z", "fetched_at": "2025-07-14T12:42:30.435216+00:00", "symbol": "DOGE-USD"}, {"trade_id": 138966186, "side": "sell", "size": "1944.10000000", "price": "0.20558000", "time": "2025-07-14T12:38:57.092215Z", "fetched_at": "2025-07-14T12:42:30.435216+00:00", "symbol": "DOGE-USD"}, {"trade_id": 138966185, "side": "sell", "size": "5.40000000", "price": "0.20558000", "time": "2025-07-14T12:38:57.092215Z", "fetched_at": "2025-07-14T12:42:30.435216+00:00", "symbol": "DOGE-USD"}, {"trade_id": 138966184, "side": "sell", "size": "833.30000000", "price": "0.20556000", "time": "2025-07-14T12:38:57.089293Z", "fetched_at": "2025-07-14T12:42:30.435216+00:00", "symbol": "DOGE-USD"}, {"trade_id": 138966183, "side": "sell", "size": "110.40000000", "price": "0.20555000", "time": "2025-07-14T12:38:57.089293Z", "fetched_at": "2025-07-14T12:42:30.435216+00:00", "symbol": "DOGE-USD"}, {"trade_id": 138966182, "side": "sell", "size": "2869.30000000", "price": "0.20556000", "time": "2025-07-14T12:38:55.965490Z", "fetched_at": "2025-07-14T12:42:30.435216+00:00", "symbol": "DOGE-USD"}, {"trade_id": 138966181, "side": "sell", "size": "5.40000000", "price": "0.20556000", "time": "2025-07-14T12:38:55.965490Z", "fetched_at": "2025-07-14T12:42:30.435216+00:00", "symbol": "DOGE-USD"}, {"trade_id": 138966180, "side": "sell", "size": "149.20000000", "price": "0.20555000", "time": "2025-07-14T12:38:55.965490Z", "fetched_at": "2025-07-14T12:42:30.435216+00:00", "symbol": "DOGE-USD"}, {"trade_id": 138966179, "side": "sell", "size": "5.40000000", "price": "0.20554000", "time": "2025-07-14T12:38:55.965490Z", "fetched_at": "2025-07-14T12:42:30.435216+00:00", "symbol": "DOGE-USD"}, {"trade_id": 138966178, "side": "sell", "size": "5.40000000", "price": "0.20552000", "time": "2025-07-14T12:38:55.965490Z", "fetched_at": "2025-07-14T12:42:30.435216+00:00", "symbol": "DOGE-USD"}, {"trade_id": 138966177, "side": "buy", "size": "109.00000000", "price": "0.20551000", "time": "2025-07-14T12:38:55.676689Z", "fetched_at": "2025-07-14T12:42:30.435216+00:00", "symbol": "DOGE-USD"}, {"trade_id": 138966176, "side": "sell", "size": "5.40000000", "price": "0.20550000", "time": "2025-07-14T12:38:54.085153Z", "fetched_at": "2025-07-14T12:42:30.435216+00:00", "symbol": "DOGE-USD"}, {"trade_id": 138966175, "side": "sell", "size": "365.40000000", "price": "0.20549000", "time": "2025-07-14T12:38:54.077376Z", "fetched_at": "2025-07-14T12:42:30.435216+00:00", "symbol": "DOGE-USD"}, {"trade_id": 138966174, "side": "sell", "size": "5.40000000", "price": "0.20548000", "time": "2025-07-14T12:38:51.980045Z", "fetched_at": "2025-07-14T12:42:30.435216+00:00", "symbol": "DOGE-USD"}, {"trade_id": 138966173, "side": "sell", "size": "5.40000000", "price": "0.20546000", "time": "2025-07-14T12:38:51.961558Z", "fetched_at": "2025-07-14T12:42:30.435216+00:00", "symbol": "DOGE-USD"}, {"trade_id": 138966172, "side": "sell", "size": "2.00000000", "price": "0.20544000", "time": "2025-07-14T12:38:51.743474Z", "fetched_at": "2025-07-14T12:42:30.435216+00:00", "symbol": "DOGE-USD"}, {"trade_id": 138966171, "side": "buy", "size": "833.30000000", "price": "0.20541000", "time": "2025-07-14T12:38:51.381152Z", "fetched_at": "2025-07-14T12:42:30.435216+00:00", "symbol": "DOGE-USD"}, {"trade_id": 138966170, "side": "buy", "size": "486.80000000", "price": "0.20543000", "time": "2025-07-14T12:38:50.676979Z", "fetched_at": "2025-07-14T12:42:30.435216+00:00", "symbol": "DOGE-USD"}, {"trade_id": 138966169, "side": "buy", "size": "1037.30000000", "price": "0.20542000", "time": "2025-07-14T12:38:49.203279Z", "fetched_at": "2025-07-14T12:42:30.435216+00:00", "symbol": "DOGE-USD"}, {"trade_id": 138966168, "side": "buy", "size": "1410.10000000", "price": "0.20543000", "time": "2025-07-14T12:38:49.203279Z", "fetched_at": "2025-07-14T12:42:30.435216+00:00", "symbol": "DOGE-USD"}, {"trade_id": 138966167, "side": "sell", "size": "3.40000000", "price": "0.20544000", "time": "2025-07-14T12:38:43.183571Z", "fetched_at": "2025-07-14T12:42:30.435216+00:00", "symbol": "DOGE-USD"}, {"trade_id": 138966166, "side": "sell", "size": "5.40000000", "price": "0.20542000", "time": "2025-07-14T12:38:41.564365Z", "fetched_at": "2025-07-14T12:42:30.435216+00:00", "symbol": "DOGE-USD"}, {"trade_id": 138966165, "side": "sell", "size": "493.50000000", "price": "0.20540000", "time": "2025-07-14T12:38:41.340588Z", "fetched_at": "2025-07-14T12:42:30.435216+00:00", "symbol": "DOGE-USD"}, {"trade_id": 138966164, "side": "sell", "size": "682.80000000", "price": "0.20540000", "time": "2025-07-14T12:38:40.983072Z", "fetched_at": "2025-07-14T12:42:30.435216+00:00", "symbol": "DOGE-USD"}, {"trade_id": 138966163, "side": "sell", "size": "5.40000000", "price": "0.20540000", "time": "2025-07-14T12:38:40.983072Z", "fetched_at": "2025-07-14T12:42:30.435216+00:00", "symbol": "DOGE-USD"}, {"trade_id": 138966162, "side": "sell", "size": "5.40000000", "price": "0.20538000", "time": "2025-07-14T12:38:40.983072Z", "fetched_at": "2025-07-14T12:42:30.435216+00:00", "symbol": "DOGE-USD"}, {"trade_id": 138966161, "side": "sell", "size": "5.40000000", "price": "0.20536000", "time": "2025-07-14T12:38:40.353013Z", "fetched_at": "2025-07-14T12:42:30.435216+00:00", "symbol": "DOGE-USD"}, {"trade_id": 138966160, "side": "sell", "size": "5.40000000", "price": "0.20534000", "time": "2025-07-14T12:38:40.329301Z", "fetched_at": "2025-07-14T12:42:30.435216+00:00", "symbol": "DOGE-USD"}, {"trade_id": 138966159, "side": "sell", "size": "5.40000000", "price": "0.20532000", "time": "2025-07-14T12:38:40.262112Z", "fetched_at": "2025-07-14T12:42:30.435216+00:00", "symbol": "DOGE-USD"}, {"trade_id": 138966158, "side": "sell", "size": "5.40000000", "price": "0.20530000", "time": "2025-07-14T12:38:39.615831Z", "fetched_at": "2025-07-14T12:42:30.435216+00:00", "symbol": "DOGE-USD"}, {"trade_id": 138966157, "side": "sell", "size": "40.80000000", "price": "0.20528000", "time": "2025-07-14T12:38:37.818314Z", "fetched_at": "2025-07-14T12:42:30.435216+00:00", "symbol": "DOGE-USD"}, {"trade_id": 138966156, "side": "sell", "size": "5.40000000", "price": "0.20528000", "time": "2025-07-14T12:38:37.818314Z", "fetched_at": "2025-07-14T12:42:30.435216+00:00", "symbol": "DOGE-USD"}, {"trade_id": 138966155, "side": "sell", "size": "241.30000000", "price": "0.20527000", "time": "2025-07-14T12:38:35.296308Z", "fetched_at": "2025-07-14T12:42:30.435216+00:00", "symbol": "DOGE-USD"}, {"trade_id": 138966154, "side": "buy", "size": "1160.80000000", "price": "0.20521000", "time": "2025-07-14T12:38:34.882967Z", "fetched_at": "2025-07-14T12:42:30.435216+00:00", "symbol": "DOGE-USD"}, {"trade_id": 138966153, "side": "buy", "size": "2441.40000000", "price": "0.20522000", "time": "2025-07-14T12:38:34.882967Z", "fetched_at": "2025-07-14T12:42:30.435216+00:00", "symbol": "DOGE-USD"}, {"trade_id": 138966152, "side": "buy", "size": "5.40000000", "price": "0.20522000", "time": "2025-07-14T12:38:34.882967Z", "fetched_at": "2025-07-14T12:42:30.435216+00:00", "symbol": "DOGE-USD"}, {"trade_id": 138966151, "side": "buy", "size": "4613.70000000", "price": "0.20523000", "time": "2025-07-14T12:38:34.882967Z", "fetched_at": "2025-07-14T12:42:30.435216+00:00", "symbol": "DOGE-USD"}, {"trade_id": 138966150, "side": "buy", "size": "1303.60000000", "price": "0.20523000", "time": "2025-07-14T12:38:34.882967Z", "fetched_at": "2025-07-14T12:42:30.435216+00:00", "symbol": "DOGE-USD"}, {"trade_id": 138966149, "side": "buy", "size": "810.00000000", "price": "0.20523000", "time": "2025-07-14T12:38:34.882967Z", "fetched_at": "2025-07-14T12:42:30.435216+00:00", "symbol": "DOGE-USD"}, {"trade_id": 138966148, "side": "buy", "size": "4036.40000000", "price": "0.20524000", "time": "2025-07-14T12:38:34.882967Z", "fetched_at": "2025-07-14T12:42:30.435216+00:00", "symbol": "DOGE-USD"}, {"trade_id": 138966147, "side": "buy", "size": "1493.40000000", "price": "0.20525000", "time": "2025-07-14T12:38:34.882967Z", "fetched_at": "2025-07-14T12:42:30.435216+00:00", "symbol": "DOGE-USD"}, {"trade_id": 138966146, "side": "buy", "size": "303.20000000", "price": "0.20525000", "time": "2025-07-14T12:38:34.882967Z", "fetched_at": "2025-07-14T12:42:30.435216+00:00", "symbol": "DOGE-USD"}, {"trade_id": 138966145, "side": "buy", "size": "833.30000000", "price": "0.20525000", "time": "2025-07-14T12:38:34.087794Z", "fetched_at": "2025-07-14T12:42:30.435216+00:00", "symbol": "DOGE-USD"}, {"trade_id": 138966144, "side": "buy", "size": "1142.40000000", "price": "0.20525000", "time": "2025-07-14T12:38:34.087794Z", "fetched_at": "2025-07-14T12:42:30.435216+00:00", "symbol": "DOGE-USD"}, {"trade_id": 138966143, "side": "buy", "size": "1448.90000000", "price": "0.20527000", "time": "2025-07-14T12:38:34.087745Z", "fetched_at": "2025-07-14T12:42:30.435216+00:00", "symbol": "DOGE-USD"}, {"trade_id": 138966142, "side": "sell", "size": "72.40000000", "price": "0.20526000", "time": "2025-07-14T12:38:32.180889Z", "fetched_at": "2025-07-14T12:42:30.435216+00:00", "symbol": "DOGE-USD"}, {"trade_id": 138966141, "side": "sell", "size": "5.40000000", "price": "0.20526000", "time": "2025-07-14T12:38:28.839765Z", "fetched_at": "2025-07-14T12:42:30.435216+00:00", "symbol": "DOGE-USD"}, {"trade_id": 138966140, "side": "sell", "size": "105.70000000", "price": "0.20524000", "time": "2025-07-14T12:38:28.663139Z", "fetched_at": "2025-07-14T12:42:30.435216+00:00", "symbol": "DOGE-USD"}, {"trade_id": 138966139, "side": "sell", "size": "5.40000000", "price": "0.20524000", "time": "2025-07-14T12:38:28.663139Z", "fetched_at": "2025-07-14T12:42:30.435216+00:00", "symbol": "DOGE-USD"}, {"trade_id": 138966138, "side": "sell", "size": "222.10000000", "price": "0.20522000", "time": "2025-07-14T12:38:28.654469Z", "fetched_at": "2025-07-14T12:42:30.435216+00:00", "symbol": "DOGE-USD"}, {"trade_id": 138966137, "side": "sell", "size": "833.30000000", "price": "0.20522000", "time": "2025-07-14T12:38:28.654469Z", "fetched_at": "2025-07-14T12:42:30.435216+00:00", "symbol": "DOGE-USD"}, {"trade_id": 138966136, "side": "sell", "size": "5.40000000", "price": "0.20522000", "time": "2025-07-14T12:38:28.654469Z", "fetched_at": "2025-07-14T12:42:30.435216+00:00", "symbol": "DOGE-USD"}, {"trade_id": 138966135, "side": "sell", "size": "833.30000000", "price": "0.20521000", "time": "2025-07-14T12:38:28.654469Z", "fetched_at": "2025-07-14T12:42:30.435216+00:00", "symbol": "DOGE-USD"}, {"trade_id": 138966134, "side": "sell", "size": "5.40000000", "price": "0.20520000", "time": "2025-07-14T12:38:28.654469Z", "fetched_at": "2025-07-14T12:42:30.435216+00:00", "symbol": "DOGE-USD"}, {"trade_id": 138966133, "side": "sell", "size": "5.40000000", "price": "0.20518000", "time": "2025-07-14T12:38:28.417739Z", "fetched_at": "2025-07-14T12:42:30.435216+00:00", "symbol": "DOGE-USD"}, {"trade_id": 138966132, "side": "sell", "size": "528.30000000", "price": "0.20517000", "time": "2025-07-14T12:38:27.853113Z", "fetched_at": "2025-07-14T12:42:30.435216+00:00", "symbol": "DOGE-USD"}, {"trade_id": 138966131, "side": "sell", "size": "833.30000000", "price": "0.20516000", "time": "2025-07-14T12:38:27.853113Z", "fetched_at": "2025-07-14T12:42:30.435216+00:00", "symbol": "DOGE-USD"}, {"trade_id": 138966130, "side": "sell", "size": "5.40000000", "price": "0.20516000", "time": "2025-07-14T12:38:27.853113Z", "fetched_at": "2025-07-14T12:42:30.435216+00:00", "symbol": "DOGE-USD"}, {"trade_id": 138966129, "side": "sell", "size": "5.40000000", "price": "0.20514000", "time": "2025-07-14T12:38:27.853113Z", "fetched_at": "2025-07-14T12:42:30.435216+00:00", "symbol": "DOGE-USD"}, {"trade_id": 138966128, "side": "sell", "size": "43.40000000", "price": "0.20513000", "time": "2025-07-14T12:38:26.403634Z", "fetched_at": "2025-07-14T12:42:30.435216+00:00", "symbol": "DOGE-USD"}, {"trade_id": 138966127, "side": "sell", "size": "5.40000000", "price": "0.20512000", "time": "2025-07-14T12:38:26.403634Z", "fetched_at": "2025-07-14T12:42:30.435216+00:00", "symbol": "DOGE-USD"}, {"trade_id": 138966126, "side": "sell", "size": "93.40000000", "price": "0.20511000", "time": "2025-07-14T12:38:26.403634Z", "fetched_at": "2025-07-14T12:42:30.435216+00:00", "symbol": "DOGE-USD"}, {"trade_id": 138966125, "side": "sell", "size": "5.40000000", "price": "0.20510000", "time": "2025-07-14T12:38:25.118918Z", "fetched_at": "2025-07-14T12:42:30.435216+00:00", "symbol": "DOGE-USD"}, {"trade_id": 138966124, "side": "buy", "size": "19.20000000", "price": "0.20509000", "time": "2025-07-14T12:38:23.387417Z", "fetched_at": "2025-07-14T12:42:30.435216+00:00", "symbol": "DOGE-USD"}, {"trade_id": 138966123, "side": "sell", "size": "5.40000000", "price": "0.20508000", "time": "2025-07-14T12:38:21.537679Z", "fetched_at": "2025-07-14T12:42:30.435216+00:00", "symbol": "DOGE-USD"}, {"trade_id": 138966122, "side": "sell", "size": "5.40000000", "price": "0.20506000", "time": "2025-07-14T12:38:21.357513Z", "fetched_at": "2025-07-14T12:42:30.435216+00:00", "symbol": "DOGE-USD"}, {"trade_id": 138966121, "side": "sell", "size": "5.40000000", "price": "0.20504000", "time": "2025-07-14T12:38:21.312287Z", "fetched_at": "2025-07-14T12:42:30.435216+00:00", "symbol": "DOGE-USD"}, {"trade_id": 138966120, "side": "sell", "size": "463.40000000", "price": "0.20502000", "time": "2025-07-14T12:38:19.794877Z", "fetched_at": "2025-07-14T12:42:30.435216+00:00", "symbol": "DOGE-USD"}, {"trade_id": 138966119, "side": "sell", "size": "5.40000000", "price": "0.20502000", "time": "2025-07-14T12:38:19.794877Z", "fetched_at": "2025-07-14T12:42:30.435216+00:00", "symbol": "DOGE-USD"}, {"trade_id": 138966118, "side": "sell", "size": "5.40000000", "price": "0.20500000", "time": "2025-07-14T12:38:19.794877Z", "fetched_at": "2025-07-14T12:42:30.435216+00:00", "symbol": "DOGE-USD"}, {"trade_id": 138966117, "side": "buy", "size": "866.40000000", "price": "0.20496000", "time": "2025-07-14T12:38:17.793205Z", "fetched_at": "2025-07-14T12:42:30.435216+00:00", "symbol": "DOGE-USD"}, {"trade_id": 138966116, "side": "buy", "size": "810.00000000", "price": "0.20496000", "time": "2025-07-14T12:38:17.793205Z", "fetched_at": "2025-07-14T12:42:30.435216+00:00", "symbol": "DOGE-USD"}, {"trade_id": 138966115, "side": "buy", "size": "500.00000000", "price": "0.20496000", "time": "2025-07-14T12:38:17.793205Z", "fetched_at": "2025-07-14T12:42:30.435216+00:00", "symbol": "DOGE-USD"}, {"trade_id": 138966114, "side": "buy", "size": "833.30000000", "price": "0.20496000", "time": "2025-07-14T12:38:17.793205Z", "fetched_at": "2025-07-14T12:42:30.435216+00:00", "symbol": "DOGE-USD"}, {"trade_id": 138966113, "side": "buy", "size": "833.30000000", "price": "0.20497000", "time": "2025-07-14T12:38:17.793205Z", "fetched_at": "2025-07-14T12:42:30.435216+00:00", "symbol": "DOGE-USD"}, {"trade_id": 138966112, "side": "buy", "size": "2116.10000000", "price": "0.20497000", "time": "2025-07-14T12:38:17.793205Z", "fetched_at": "2025-07-14T12:42:30.435216+00:00", "symbol": "DOGE-USD"}, {"trade_id": 138966111, "side": "buy", "size": "459.60000000", "price": "0.20498000", "time": "2025-07-14T12:38:17.793205Z", "fetched_at": "2025-07-14T12:42:30.435216+00:00", "symbol": "DOGE-USD"}, {"trade_id": 138966110, "side": "buy", "size": "183.00000000", "price": "0.20499000", "time": "2025-07-14T12:38:17.793205Z", "fetched_at": "2025-07-14T12:42:30.435216+00:00", "symbol": "DOGE-USD"}, {"trade_id": 138966109, "side": "buy", "size": "1408.30000000", "price": "0.20499000", "time": "2025-07-14T12:38:17.793205Z", "fetched_at": "2025-07-14T12:42:30.435216+00:00", "symbol": "DOGE-USD"}, {"trade_id": 138966108, "side": "buy", "size": "1445.00000000", "price": "0.20499000", "time": "2025-07-14T12:38:17.793205Z", "fetched_at": "2025-07-14T12:42:30.435216+00:00", "symbol": "DOGE-USD"}, {"trade_id": 138966107, "side": "buy", "size": "303.20000000", "price": "0.20499000", "time": "2025-07-14T12:38:17.793205Z", "fetched_at": "2025-07-14T12:42:30.435216+00:00", "symbol": "DOGE-USD"}, {"trade_id": 138966106, "side": "sell", "size": "5.40000000", "price": "0.20498000", "time": "2025-07-14T12:38:17.387680Z", "fetched_at": "2025-07-14T12:42:30.435216+00:00", "symbol": "DOGE-USD"}, {"trade_id": 138966105, "side": "sell", "size": "5.40000000", "price": "0.20496000", "time": "2025-07-14T12:38:15.907163Z", "fetched_at": "2025-07-14T12:42:30.435216+00:00", "symbol": "DOGE-USD"}, {"trade_id": 138966104, "side": "sell", "size": "698.90000000", "price": "0.20493000", "time": "2025-07-14T12:38:13.864244Z", "fetched_at": "2025-07-14T12:42:30.435216+00:00", "symbol": "DOGE-USD"}, {"trade_id": 138966103, "side": "buy", "size": "78.10000000", "price": "0.20494000", "time": "2025-07-14T12:38:12.729290Z", "fetched_at": "2025-07-14T12:42:30.435216+00:00", "symbol": "DOGE-USD"}, {"trade_id": 138966102, "side": "buy", "size": "181.40000000", "price": "0.20494000", "time": "2025-07-14T12:38:10.218865Z", "fetched_at": "2025-07-14T12:42:30.435216+00:00", "symbol": "DOGE-USD"}, {"trade_id": 138966101, "side": "sell", "size": "61.00000000", "price": "0.20494000", "time": "2025-07-14T12:38:08.669973Z", "fetched_at": "2025-07-14T12:42:30.435216+00:00", "symbol": "DOGE-USD"}, {"trade_id": 138966100, "side": "buy", "size": "55.70000000", "price": "0.20493000", "time": "2025-07-14T12:38:08.003862Z", "fetched_at": "2025-07-14T12:42:30.435216+00:00", "symbol": "DOGE-USD"}, {"trade_id": 138966099, "side": "buy", "size": "992.10000000", "price": "0.20491000", "time": "2025-07-14T12:38:07.196338Z", "fetched_at": "2025-07-14T12:42:30.435216+00:00", "symbol": "DOGE-USD"}, {"trade_id": 138966098, "side": "buy", "size": "5.40000000", "price": "0.20494000", "time": "2025-07-14T12:38:07.115146Z", "fetched_at": "2025-07-14T12:42:30.435216+00:00", "symbol": "DOGE-USD"}, {"trade_id": 138966097, "side": "buy", "size": "596.60000000", "price": "0.20498000", "time": "2025-07-14T12:38:05.109227Z", "fetched_at": "2025-07-14T12:42:30.435216+00:00", "symbol": "DOGE-USD"}, {"trade_id": 138966096, "side": "sell", "size": "5.40000000", "price": "0.20498000", "time": "2025-07-14T12:38:04.246065Z", "fetched_at": "2025-07-14T12:42:30.435216+00:00", "symbol": "DOGE-USD"}, {"trade_id": 138966095, "side": "sell", "size": "48.00000000", "price": "0.20493000", "time": "2025-07-14T12:38:02.160218Z", "fetched_at": "2025-07-14T12:42:30.435216+00:00", "symbol": "DOGE-USD"}, {"trade_id": 138966094, "side": "buy", "size": "2.30000000", "price": "0.20491000", "time": "2025-07-14T12:38:00.264534Z", "fetched_at": "2025-07-14T12:42:30.435216+00:00", "symbol": "DOGE-USD"}, {"trade_id": 138966093, "side": "buy", "size": "23.10000000", "price": "0.20492000", "time": "2025-07-14T12:38:00.144334Z", "fetched_at": "2025-07-14T12:42:30.435216+00:00", "symbol": "DOGE-USD"}, {"trade_id": 138966092, "side": "buy", "size": "5.40000000", "price": "0.20492000", "time": "2025-07-14T12:38:00.144334Z", "fetched_at": "2025-07-14T12:42:30.435216+00:00", "symbol": "DOGE-USD"}, {"trade_id": 138966091, "side": "buy", "size": "1258.00000000", "price": "0.20495000", "time": "2025-07-14T12:37:56.365957Z", "fetched_at": "2025-07-14T12:42:30.435216+00:00", "symbol": "DOGE-USD"}, {"trade_id": 138966090, "side": "sell", "size": "41.90000000", "price": "0.20498000", "time": "2025-07-14T12:37:54.961844Z", "fetched_at": "2025-07-14T12:42:30.435216+00:00", "symbol": "DOGE-USD"}, {"trade_id": 138966089, "side": "sell", "size": "300.00000000", "price": "0.20497000", "time": "2025-07-14T12:37:54.961844Z", "fetched_at": "2025-07-14T12:42:30.435216+00:00", "symbol": "DOGE-USD"}, {"trade_id": 138966088, "side": "sell", "size": "141.20000000", "price": "0.20496000", "time": "2025-07-14T12:37:54.961844Z", "fetched_at": "2025-07-14T12:42:30.435216+00:00", "symbol": "DOGE-USD"}, {"trade_id": 138966087, "side": "buy", "size": "11.70000000", "price": "0.20495000", "time": "2025-07-14T12:37:54.223361Z", "fetched_at": "2025-07-14T12:42:30.435216+00:00", "symbol": "DOGE-USD"}, {"trade_id": 138966086, "side": "sell", "size": "533.30000000", "price": "0.20497000", "time": "2025-07-14T12:37:54.194409Z", "fetched_at": "2025-07-14T12:42:30.435216+00:00", "symbol": "DOGE-USD"}, {"trade_id": 138966085, "side": "sell", "size": "648.10000000", "price": "0.20496000", "time": "2025-07-14T12:37:54.194409Z", "fetched_at": "2025-07-14T12:42:30.435216+00:00", "symbol": "DOGE-USD"}, {"trade_id": 138966084, "side": "sell", "size": "5.40000000", "price": "0.20496000", "time": "2025-07-14T12:37:54.194409Z", "fetched_at": "2025-07-14T12:42:30.435216+00:00", "symbol": "DOGE-USD"}, {"trade_id": 138966083, "side": "buy", "size": "253.90000000", "price": "0.20491000", "time": "2025-07-14T12:37:52.444123Z", "fetched_at": "2025-07-14T12:42:30.435216+00:00", "symbol": "DOGE-USD"}, {"trade_id": 138966082, "side": "buy", "size": "1619.60000000", "price": "0.20492000", "time": "2025-07-14T12:37:52.444123Z", "fetched_at": "2025-07-14T12:42:30.435216+00:00", "symbol": "DOGE-USD"}, {"trade_id": 138966081, "side": "sell", "size": "48.10000000", "price": "0.20496000", "time": "2025-07-14T12:37:51.297236Z", "fetched_at": "2025-07-14T12:42:30.435216+00:00", "symbol": "DOGE-USD"}, {"trade_id": 138966080, "side": "sell", "size": "191.30000000", "price": "0.20496000", "time": "2025-07-14T12:37:51.297236Z", "fetched_at": "2025-07-14T12:42:30.435216+00:00", "symbol": "DOGE-USD"}, {"trade_id": 138966079, "side": "sell", "size": "5.40000000", "price": "0.20496000", "time": "2025-07-14T12:37:51.297236Z", "fetched_at": "2025-07-14T12:42:30.435216+00:00", "symbol": "DOGE-USD"}, {"trade_id": 138966078, "side": "sell", "size": "5.40000000", "price": "0.20494000", "time": "2025-07-14T12:37:51.297236Z", "fetched_at": "2025-07-14T12:42:30.435216+00:00", "symbol": "DOGE-USD"}, {"trade_id": 138966077, "side": "sell", "size": "1.60000000", "price": "0.20492000", "time": "2025-07-14T12:37:49.402319Z", "fetched_at": "2025-07-14T12:42:30.435216+00:00", "symbol": "DOGE-USD"}, {"trade_id": 138966076, "side": "sell", "size": "3.80000000", "price": "0.20492000", "time": "2025-07-14T12:37:48.376321Z", "fetched_at": "2025-07-14T12:42:30.435216+00:00", "symbol": "DOGE-USD"}, {"trade_id": 138966075, "side": "sell", "size": "470.40000000", "price": "0.20490000", "time": "2025-07-14T12:37:45.185074Z", "fetched_at": "2025-07-14T12:42:30.435216+00:00", "symbol": "DOGE-USD"}, {"trade_id": 138966074, "side": "sell", "size": "5.40000000", "price": "0.20490000", "time": "2025-07-14T12:37:45.185074Z", "fetched_at": "2025-07-14T12:42:30.435216+00:00", "symbol": "DOGE-USD"}, {"trade_id": 138966073, "side": "sell", "size": "5.40000000", "price": "0.20488000", "time": "2025-07-14T12:37:43.560027Z", "fetched_at": "2025-07-14T12:42:30.435216+00:00", "symbol": "DOGE-USD"}, {"trade_id": 138966072, "side": "buy", "size": "88.70000000", "price": "0.20485000", "time": "2025-07-14T12:37:42.976800Z", "fetched_at": "2025-07-14T12:42:30.435216+00:00", "symbol": "DOGE-USD"}, {"trade_id": 138966071, "side": "sell", "size": "880.70000000", "price": "0.20483000", "time": "2025-07-14T12:37:32.540530Z", "fetched_at": "2025-07-14T12:42:30.435216+00:00", "symbol": "DOGE-USD"}, {"trade_id": 138966070, "side": "sell", "size": "305.60000000", "price": "0.20483000", "time": "2025-07-14T12:37:32.540530Z", "fetched_at": "2025-07-14T12:42:30.435216+00:00", "symbol": "DOGE-USD"}, {"trade_id": 138966069, "side": "buy", "size": "914.70000000", "price": "0.20484000", "time": "2025-07-14T12:37:28.895155Z", "fetched_at": "2025-07-14T12:42:30.435216+00:00", "symbol": "DOGE-USD"}, {"trade_id": 138966068, "side": "buy", "size": "1561.00000000", "price": "0.20485000", "time": "2025-07-14T12:37:28.895155Z", "fetched_at": "2025-07-14T12:42:30.435216+00:00", "symbol": "DOGE-USD"}, {"trade_id": 138966067, "side": "buy", "size": "16.40000000", "price": "0.20489000", "time": "2025-07-14T12:37:27.677870Z", "fetched_at": "2025-07-14T12:42:30.435216+00:00", "symbol": "DOGE-USD"}, {"trade_id": 138966066, "side": "sell", "size": "5.40000000", "price": "0.20488000", "time": "2025-07-14T12:37:27.251674Z", "fetched_at": "2025-07-14T12:42:30.435216+00:00", "symbol": "DOGE-USD"}, {"trade_id": 138966065, "side": "sell", "size": "17707.80000000", "price": "0.20487000", "time": "2025-07-14T12:37:23.773269Z", "fetched_at": "2025-07-14T12:42:30.435216+00:00", "symbol": "DOGE-USD"}, {"trade_id": 138966064, "side": "sell", "size": "833.00000000", "price": "0.20486000", "time": "2025-07-14T12:37:23.773269Z", "fetched_at": "2025-07-14T12:42:30.435216+00:00", "symbol": "DOGE-USD"}, {"trade_id": 138966063, "side": "sell", "size": "5.40000000", "price": "0.20486000", "time": "2025-07-14T12:37:23.773269Z", "fetched_at": "2025-07-14T12:42:30.435216+00:00", "symbol": "DOGE-USD"}, {"trade_id": 138966062, "side": "sell", "size": "166.20000000", "price": "0.20485000", "time": "2025-07-14T12:37:23.773269Z", "fetched_at": "2025-07-14T12:42:30.435216+00:00", "symbol": "DOGE-USD"}, {"trade_id": 138966061, "side": "sell", "size": "48.20000000", "price": "0.20483000", "time": "2025-07-14T12:37:23.033040Z", "fetched_at": "2025-07-14T12:42:30.435216+00:00", "symbol": "DOGE-USD"}, {"trade_id": 138966060, "side": "sell", "size": "833.00000000", "price": "0.20482000", "time": "2025-07-14T12:37:22.836290Z", "fetched_at": "2025-07-14T12:42:30.435216+00:00", "symbol": "DOGE-USD"}, {"trade_id": 138966059, "side": "sell", "size": "24860.20000000", "price": "0.20482000", "time": "2025-07-14T12:37:22.836290Z", "fetched_at": "2025-07-14T12:42:30.435216+00:00", "symbol": "DOGE-USD"}, {"trade_id": 138966058, "side": "sell", "size": "376.90000000", "price": "0.20481000", "time": "2025-07-14T12:37:22.836290Z", "fetched_at": "2025-07-14T12:42:30.435216+00:00", "symbol": "DOGE-USD"}, {"trade_id": 138966057, "side": "buy", "size": "165.60000000", "price": "0.20477000", "time": "2025-07-14T12:37:19.892432Z", "fetched_at": "2025-07-14T12:42:30.435216+00:00", "symbol": "DOGE-USD"}, {"trade_id": 138966056, "side": "buy", "size": "5.40000000", "price": "0.20478000", "time": "2025-07-14T12:37:19.892432Z", "fetched_at": "2025-07-14T12:42:30.435216+00:00", "symbol": "DOGE-USD"}, {"trade_id": 138966055, "side": "buy", "size": "5.40000000", "price": "0.20480000", "time": "2025-07-14T12:37:19.155163Z", "fetched_at": "2025-07-14T12:42:30.435216+00:00", "symbol": "DOGE-USD"}, {"trade_id": 138966054, "side": "sell", "size": "248.60000000", "price": "0.20481000", "time": "2025-07-14T12:37:19.030031Z", "fetched_at": "2025-07-14T12:42:30.435216+00:00", "symbol": "DOGE-USD"}, {"trade_id": 138966053, "side": "buy", "size": "5.40000000", "price": "0.20482000", "time": "2025-07-14T12:37:16.937814Z", "fetched_at": "2025-07-14T12:42:30.435216+00:00", "symbol": "DOGE-USD"}, {"trade_id": 138966052, "side": "buy", "size": "6149.40000000", "price": "0.20484000", "time": "2025-07-14T12:37:16.619633Z", "fetched_at": "2025-07-14T12:42:30.435216+00:00", "symbol": "DOGE-USD"}, {"trade_id": 138966051, "side": "buy", "size": "11559.40000000", "price": "0.20484000", "time": "2025-07-14T12:37:16.616466Z", "fetched_at": "2025-07-14T12:42:30.435216+00:00", "symbol": "DOGE-USD"}, {"trade_id": 138966050, "side": "buy", "size": "5.40000000", "price": "0.20484000", "time": "2025-07-14T12:37:16.616466Z", "fetched_at": "2025-07-14T12:42:30.435216+00:00", "symbol": "DOGE-USD"}, {"trade_id": 138966049, "side": "buy", "size": "5035.90000000", "price": "0.20485000", "time": "2025-07-14T12:37:16.614935Z", "fetched_at": "2025-07-14T12:42:30.435216+00:00", "symbol": "DOGE-USD"}, {"trade_id": 138966048, "side": "buy", "size": "61.10000000", "price": "0.20485000", "time": "2025-07-14T12:37:16.614935Z", "fetched_at": "2025-07-14T12:42:30.435216+00:00", "symbol": "DOGE-USD"}, {"trade_id": 138966047, "side": "buy", "size": "1672.60000000", "price": "0.20485000", "time": "2025-07-14T12:37:16.614935Z", "fetched_at": "2025-07-14T12:42:30.435216+00:00", "symbol": "DOGE-USD"}, {"trade_id": 138966046, "side": "buy", "size": "1908.20000000", "price": "0.20485000", "time": "2025-07-14T12:37:16.614935Z", "fetched_at": "2025-07-14T12:42:30.435216+00:00", "symbol": "DOGE-USD"}, {"trade_id": 138966045, "side": "buy", "size": "5.40000000", "price": "0.20486000", "time": "2025-07-14T12:37:16.614935Z", "fetched_at": "2025-07-14T12:42:30.435216+00:00", "symbol": "DOGE-USD"}, {"trade_id": 138966044, "side": "sell", "size": "75.10000000", "price": "0.20488000", "time": "2025-07-14T12:37:16.260162Z", "fetched_at": "2025-07-14T12:42:30.435216+00:00", "symbol": "DOGE-USD"}, {"trade_id": 138966043, "side": "buy", "size": "2456.40000000", "price": "0.20486000", "time": "2025-07-14T12:37:15.904839Z", "fetched_at": "2025-07-14T12:42:30.435216+00:00", "symbol": "DOGE-USD"}, {"trade_id": 138966042, "side": "buy", "size": "2068.40000000", "price": "0.20487000", "time": "2025-07-14T12:37:15.904839Z", "fetched_at": "2025-07-14T12:42:30.435216+00:00", "symbol": "DOGE-USD"}, {"trade_id": 138966041, "side": "buy", "size": "4319.90000000", "price": "0.20487000", "time": "2025-07-14T12:37:15.904839Z", "fetched_at": "2025-07-14T12:42:30.435216+00:00", "symbol": "DOGE-USD"}, {"trade_id": 138966040, "side": "buy", "size": "1144.50000000", "price": "0.20488000", "time": "2025-07-14T12:37:15.904839Z", "fetched_at": "2025-07-14T12:42:30.435216+00:00", "symbol": "DOGE-USD"}, {"trade_id": 138966039, "side": "buy", "size": "5.40000000", "price": "0.20488000", "time": "2025-07-14T12:37:15.904839Z", "fetched_at": "2025-07-14T12:42:30.435216+00:00", "symbol": "DOGE-USD"}, {"trade_id": 138966038, "side": "buy", "size": "5.40000000", "price": "0.20490000", "time": "2025-07-14T12:37:15.904839Z", "fetched_at": "2025-07-14T12:42:30.435216+00:00", "symbol": "DOGE-USD"}, {"trade_id": 138966037, "side": "buy", "size": "5.40000000", "price": "0.20492000", "time": "2025-07-14T12:37:14.906958Z", "fetched_at": "2025-07-14T12:42:30.435216+00:00", "symbol": "DOGE-USD"}, {"trade_id": 138966036, "side": "sell", "size": "539.00000000", "price": "0.20503000", "time": "2025-07-14T12:37:09.429845Z", "fetched_at": "2025-07-14T12:42:30.435216+00:00", "symbol": "DOGE-USD"}, {"trade_id": 138966035, "side": "sell", "size": "833.00000000", "price": "0.20502000", "time": "2025-07-14T12:37:09.429845Z", "fetched_at": "2025-07-14T12:42:30.435216+00:00", "symbol": "DOGE-USD"}, {"trade_id": 138966034, "side": "sell", "size": "1517.50000000", "price": "0.20502000", "time": "2025-07-14T12:37:09.429845Z", "fetched_at": "2025-07-14T12:42:30.435216+00:00", "symbol": "DOGE-USD"}, {"trade_id": 138966033, "side": "sell", "size": "121.30000000", "price": "0.20502000", "time": "2025-07-14T12:37:09.429845Z", "fetched_at": "2025-07-14T12:42:30.435216+00:00", "symbol": "DOGE-USD"}, {"trade_id": 138966032, "side": "sell", "size": "5.40000000", "price": "0.20502000", "time": "2025-07-14T12:37:09.429845Z", "fetched_at": "2025-07-14T12:42:30.435216+00:00", "symbol": "DOGE-USD"}, {"trade_id": 138966031, "side": "sell", "size": "19.20000000", "price": "0.20501000", "time": "2025-07-14T12:37:09.429845Z", "fetched_at": "2025-07-14T12:42:30.435216+00:00", "symbol": "DOGE-USD"}, {"trade_id": 138966030, "side": "sell", "size": "5.40000000", "price": "0.20500000", "time": "2025-07-14T12:37:09.429845Z", "fetched_at": "2025-07-14T12:42:30.435216+00:00", "symbol": "DOGE-USD"}, {"trade_id": 138966029, "side": "sell", "size": "5.40000000", "price": "0.20498000", "time": "2025-07-14T12:37:09.189048Z", "fetched_at": "2025-07-14T12:42:30.435216+00:00", "symbol": "DOGE-USD"}, {"trade_id": 138966028, "side": "sell", "size": "46.30000000", "price": "0.20495000", "time": "2025-07-14T12:37:08.096399Z", "fetched_at": "2025-07-14T12:42:30.435216+00:00", "symbol": "DOGE-USD"}, {"trade_id": 138966027, "side": "sell", "size": "4.70000000", "price": "0.20495000", "time": "2025-07-14T12:37:08.044716Z", "fetched_at": "2025-07-14T12:42:30.435216+00:00", "symbol": "DOGE-USD"}, {"trade_id": 138966026, "side": "sell", "size": "19.50000000", "price": "0.20494000", "time": "2025-07-14T12:37:08.044716Z", "fetched_at": "2025-07-14T12:42:30.435216+00:00", "symbol": "DOGE-USD"}, {"trade_id": 138966025, "side": "buy", "size": "197.20000000", "price": "0.20497000", "time": "2025-07-14T12:37:06.188994Z", "fetched_at": "2025-07-14T12:42:30.435216+00:00", "symbol": "DOGE-USD"}, {"trade_id": 138966024, "side": "sell", "size": "5.40000000", "price": "0.20496000", "time": "2025-07-14T12:37:04.424826Z", "fetched_at": "2025-07-14T12:42:30.435216+00:00", "symbol": "DOGE-USD"}, {"trade_id": 138966023, "side": "sell", "size": "5.40000000", "price": "0.20494000", "time": "2025-07-14T12:37:04.362365Z", "fetched_at": "2025-07-14T12:42:30.435216+00:00", "symbol": "DOGE-USD"}, {"trade_id": 138966022, "side": "sell", "size": "5.40000000", "price": "0.20492000", "time": "2025-07-14T12:37:04.102391Z", "fetched_at": "2025-07-14T12:42:30.435216+00:00", "symbol": "DOGE-USD"}, {"trade_id": 138966021, "side": "sell", "size": "5.40000000", "price": "0.20490000", "time": "2025-07-14T12:37:03.927430Z", "fetched_at": "2025-07-14T12:42:30.435216+00:00", "symbol": "DOGE-USD"}, {"trade_id": 138966020, "side": "sell", "size": "17717.30000000", "price": "0.20489000", "time": "2025-07-14T12:37:03.790511Z", "fetched_at": "2025-07-14T12:42:30.435216+00:00", "symbol": "DOGE-USD"}, {"trade_id": 138966019, "side": "buy", "size": "179.20000000", "price": "0.20488000", "time": "2025-07-14T12:37:03.715502Z", "fetched_at": "2025-07-14T12:42:30.435216+00:00", "symbol": "DOGE-USD"}, {"trade_id": 138966018, "side": "sell", "size": "32.70000000", "price": "0.20488000", "time": "2025-07-14T12:37:03.636176Z", "fetched_at": "2025-07-14T12:42:30.435216+00:00", "symbol": "DOGE-USD"}, {"trade_id": 138966017, "side": "sell", "size": "5.40000000", "price": "0.20488000", "time": "2025-07-14T12:37:03.636176Z", "fetched_at": "2025-07-14T12:42:30.435216+00:00", "symbol": "DOGE-USD"}, {"trade_id": 138966016, "side": "sell", "size": "32.70000000", "price": "0.20486000", "time": "2025-07-14T12:37:03.599805Z", "fetched_at": "2025-07-14T12:42:30.435216+00:00", "symbol": "DOGE-USD"}, {"trade_id": 138966015, "side": "sell", "size": "32.70000000", "price": "0.20486000", "time": "2025-07-14T12:37:03.565220Z", "fetched_at": "2025-07-14T12:42:30.435216+00:00", "symbol": "DOGE-USD"}, {"trade_id": 138966014, "side": "sell", "size": "834.20000000", "price": "0.20486000", "time": "2025-07-14T12:37:03.551910Z", "fetched_at": "2025-07-14T12:42:30.435216+00:00", "symbol": "DOGE-USD"}, {"trade_id": 138966013, "side": "sell", "size": "834.20000000", "price": "0.20486000", "time": "2025-07-14T12:37:03.551910Z", "fetched_at": "2025-07-14T12:42:30.435216+00:00", "symbol": "DOGE-USD"}, {"trade_id": 138966012, "side": "sell", "size": "5.40000000", "price": "0.20486000", "time": "2025-07-14T12:37:03.551910Z", "fetched_at": "2025-07-14T12:42:30.435216+00:00", "symbol": "DOGE-USD"}, {"trade_id": 138966011, "side": "sell", "size": "32.70000000", "price": "0.20485000", "time": "2025-07-14T12:37:03.501756Z", "fetched_at": "2025-07-14T12:42:30.435216+00:00", "symbol": "DOGE-USD"}, {"trade_id": 138966010, "side": "sell", "size": "45.90000000", "price": "0.20485000", "time": "2025-07-14T12:37:02.425110Z", "fetched_at": "2025-07-14T12:42:30.435216+00:00", "symbol": "DOGE-USD"}, {"trade_id": 138966009, "side": "sell", "size": "5.40000000", "price": "0.20484000", "time": "2025-07-14T12:37:02.396982Z", "fetched_at": "2025-07-14T12:42:30.435216+00:00", "symbol": "DOGE-USD"}, {"trade_id": 138966008, "side": "sell", "size": "5.40000000", "price": "0.20482000", "time": "2025-07-14T12:37:01.739557Z", "fetched_at": "2025-07-14T12:42:30.435216+00:00", "symbol": "DOGE-USD"}, {"trade_id": 138966007, "side": "sell", "size": "834.20000000", "price": "0.20479000", "time": "2025-07-14T12:37:01.534343Z", "fetched_at": "2025-07-14T12:42:30.435216+00:00", "symbol": "DOGE-USD"}, {"trade_id": 138966006, "side": "sell", "size": "834.20000000", "price": "0.20478000", "time": "2025-07-14T12:37:01.534343Z", "fetched_at": "2025-07-14T12:42:30.435216+00:00", "symbol": "DOGE-USD"}, {"trade_id": 138966005, "side": "sell", "size": "52.60000000", "price": "0.20482000", "time": "2025-07-14T12:36:57.703499Z", "fetched_at": "2025-07-14T12:42:30.435216+00:00", "symbol": "DOGE-USD"}, {"trade_id": 138966004, "side": "sell", "size": "5.40000000", "price": "0.20482000", "time": "2025-07-14T12:36:57.703499Z", "fetched_at": "2025-07-14T12:42:30.435216+00:00", "symbol": "DOGE-USD"}, {"trade_id": 138966003, "side": "sell", "size": "5.40000000", "price": "0.20480000", "time": "2025-07-14T12:36:56.871053Z", "fetched_at": "2025-07-14T12:42:30.435216+00:00", "symbol": "DOGE-USD"}, {"trade_id": 138966002, "side": "sell", "size": "63.10000000", "price": "0.20477000", "time": "2025-07-14T12:36:56.595759Z", "fetched_at": "2025-07-14T12:42:30.435216+00:00", "symbol": "DOGE-USD"}, {"trade_id": 138966001, "side": "sell", "size": "1.20000000", "price": "0.20477000", "time": "2025-07-14T12:36:55.775009Z", "fetched_at": "2025-07-14T12:42:30.435216+00:00", "symbol": "DOGE-USD"}, {"trade_id": 138966000, "side": "sell", "size": "76.60000000", "price": "0.20481000", "time": "2025-07-14T12:36:53.628991Z", "fetched_at": "2025-07-14T12:42:30.435216+00:00", "symbol": "DOGE-USD"}, {"trade_id": 138965999, "side": "sell", "size": "834.20000000", "price": "0.20480000", "time": "2025-07-14T12:36:53.628991Z", "fetched_at": "2025-07-14T12:42:30.435216+00:00", "symbol": "DOGE-USD"}, {"trade_id": 138965998, "side": "sell", "size": "15.20000000", "price": "0.20479000", "time": "2025-07-14T12:36:53.628991Z", "fetched_at": "2025-07-14T12:42:30.435216+00:00", "symbol": "DOGE-USD"}, {"trade_id": 138965997, "side": "sell", "size": "834.20000000", "price": "0.20474000", "time": "2025-07-14T12:36:50.074759Z", "fetched_at": "2025-07-14T12:42:30.435216+00:00", "symbol": "DOGE-USD"}, {"trade_id": 138965996, "side": "sell", "size": "834.20000000", "price": "0.20474000", "time": "2025-07-14T12:36:50.074759Z", "fetched_at": "2025-07-14T12:42:30.435216+00:00", "symbol": "DOGE-USD"}, {"trade_id": 138965995, "side": "sell", "size": "88.40000000", "price": "0.20473000", "time": "2025-07-14T12:36:50.051164Z", "fetched_at": "2025-07-14T12:42:30.435216+00:00", "symbol": "DOGE-USD"}, {"trade_id": 138965994, "side": "sell", "size": "834.20000000", "price": "0.20472000", "time": "2025-07-14T12:36:48.820516Z", "fetched_at": "2025-07-14T12:42:30.435216+00:00", "symbol": "DOGE-USD"}, {"trade_id": 138965993, "side": "sell", "size": "1568.20000000", "price": "0.20471000", "time": "2025-07-14T12:36:48.726657Z", "fetched_at": "2025-07-14T12:42:30.435216+00:00", "symbol": "DOGE-USD"}, {"trade_id": 138965992, "side": "sell", "size": "123.00000000", "price": "0.20470000", "time": "2025-07-14T12:36:48.657420Z", "fetched_at": "2025-07-14T12:42:30.435216+00:00", "symbol": "DOGE-USD"}, {"trade_id": 138965991, "side": "buy", "size": "1338.00000000", "price": "0.20470000", "time": "2025-07-14T12:36:48.452886Z", "fetched_at": "2025-07-14T12:42:30.435216+00:00", "symbol": "DOGE-USD"}, {"trade_id": 138965990, "side": "buy", "size": "100.80000000", "price": "0.20470000", "time": "2025-07-14T12:36:48.450629Z", "fetched_at": "2025-07-14T12:42:30.435216+00:00", "symbol": "DOGE-USD"}, {"trade_id": 138965989, "side": "buy", "size": "5.40000000", "price": "0.20470000", "time": "2025-07-14T12:36:48.450629Z", "fetched_at": "2025-07-14T12:42:30.435216+00:00", "symbol": "DOGE-USD"}, {"trade_id": 138965988, "side": "buy", "size": "5.40000000", "price": "0.20472000", "time": "2025-07-14T12:36:48.445850Z", "fetched_at": "2025-07-14T12:42:30.435216+00:00", "symbol": "DOGE-USD"}, {"trade_id": 138965987, "side": "buy", "size": "5.40000000", "price": "0.20474000", "time": "2025-07-14T12:36:48.437570Z", "fetched_at": "2025-07-14T12:42:30.435216+00:00", "symbol": "DOGE-USD"}, {"trade_id": 138965986, "side": "buy", "size": "5.40000000", "price": "0.20476000", "time": "2025-07-14T12:36:48.428935Z", "fetched_at": "2025-07-14T12:42:30.435216+00:00", "symbol": "DOGE-USD"}, {"trade_id": 138965985, "side": "buy", "size": "5.40000000", "price": "0.20478000", "time": "2025-07-14T12:36:48.243423Z", "fetched_at": "2025-07-14T12:42:30.435216+00:00", "symbol": "DOGE-USD"}, {"trade_id": 138965984, "side": "buy", "size": "5.40000000", "price": "0.20480000", "time": "2025-07-14T12:36:47.991367Z", "fetched_at": "2025-07-14T12:42:30.435216+00:00", "symbol": "DOGE-USD"}, {"trade_id": 138965983, "side": "buy", "size": "1144.90000000", "price": "0.20481000", "time": "2025-07-14T12:36:47.991367Z", "fetched_at": "2025-07-14T12:42:30.435216+00:00", "symbol": "DOGE-USD"}, {"trade_id": 138965982, "side": "sell", "size": "378.70000000", "price": "0.20484000", "time": "2025-07-14T12:36:47.961915Z", "fetched_at": "2025-07-14T12:42:30.435216+00:00", "symbol": "DOGE-USD"}, {"trade_id": 138965981, "side": "sell", "size": "810.00000000", "price": "0.20483000", "time": "2025-07-14T12:36:47.961915Z", "fetched_at": "2025-07-14T12:42:30.435216+00:00", "symbol": "DOGE-USD"}, {"trade_id": 138965980, "side": "sell", "size": "183.00000000", "price": "0.20483000", "time": "2025-07-14T12:36:47.961915Z", "fetched_at": "2025-07-14T12:42:30.435216+00:00", "symbol": "DOGE-USD"}, {"trade_id": 138965979, "side": "sell", "size": "5.60000000", "price": "0.20486000", "time": "2025-07-14T12:36:47.184928Z", "fetched_at": "2025-07-14T12:42:30.435216+00:00", "symbol": "DOGE-USD"}, {"trade_id": 138965978, "side": "sell", "size": "6.60000000", "price": "0.20486000", "time": "2025-07-14T12:36:45.583568Z", "fetched_at": "2025-07-14T12:42:30.435216+00:00", "symbol": "DOGE-USD"}, {"trade_id": 138965977, "side": "buy", "size": "452.80000000", "price": "0.20488000", "time": "2025-07-14T12:36:44.942020Z", "fetched_at": "2025-07-14T12:42:30.435216+00:00", "symbol": "DOGE-USD"}, {"trade_id": 138965976, "side": "sell", "size": "6.30000000", "price": "0.20488000", "time": "2025-07-14T12:36:44.699363Z", "fetched_at": "2025-07-14T12:42:30.435216+00:00", "symbol": "DOGE-USD"}, {"trade_id": 138965975, "side": "buy", "size": "260.00000000", "price": "0.20487000", "time": "2025-07-14T12:36:44.594382Z", "fetched_at": "2025-07-14T12:42:30.435216+00:00", "symbol": "DOGE-USD"}, {"trade_id": 138965974, "side": "sell", "size": "5.40000000", "price": "0.20488000", "time": "2025-07-14T12:36:44.361880Z", "fetched_at": "2025-07-14T12:42:30.435216+00:00", "symbol": "DOGE-USD"}, {"trade_id": 138965973, "side": "buy", "size": "1162.30000000", "price": "0.20486000", "time": "2025-07-14T12:36:44.250294Z", "fetched_at": "2025-07-14T12:42:30.435216+00:00", "symbol": "DOGE-USD"}