[{"trade_id": 139015070, "side": "buy", "size": "6.70000000", "price": "0.19792000", "time": "2025-07-14T19:23:22.473914Z", "fetched_at": "2025-07-14T19:23:24.963541+00:00", "symbol": "DOGE-USD"}, {"trade_id": 139015069, "side": "buy", "size": "190.70000000", "price": "0.19792000", "time": "2025-07-14T19:23:21.347650Z", "fetched_at": "2025-07-14T19:23:24.963541+00:00", "symbol": "DOGE-USD"}, {"trade_id": 139015068, "side": "buy", "size": "62.00000000", "price": "0.19793000", "time": "2025-07-14T19:23:21.347650Z", "fetched_at": "2025-07-14T19:23:24.963541+00:00", "symbol": "DOGE-USD"}, {"trade_id": 139015067, "side": "sell", "size": "3861.20000000", "price": "0.19798000", "time": "2025-07-14T19:23:20.775762Z", "fetched_at": "2025-07-14T19:23:24.963541+00:00", "symbol": "DOGE-USD"}, {"trade_id": 139015066, "side": "sell", "size": "1357.20000000", "price": "0.19798000", "time": "2025-07-14T19:23:20.775762Z", "fetched_at": "2025-07-14T19:23:24.963541+00:00", "symbol": "DOGE-USD"}, {"trade_id": 139015065, "side": "sell", "size": "5.60000000", "price": "0.19798000", "time": "2025-07-14T19:23:20.775762Z", "fetched_at": "2025-07-14T19:23:24.963541+00:00", "symbol": "DOGE-USD"}, {"trade_id": 139015064, "side": "sell", "size": "1866.60000000", "price": "0.19797000", "time": "2025-07-14T19:23:20.775762Z", "fetched_at": "2025-07-14T19:23:24.963541+00:00", "symbol": "DOGE-USD"}, {"trade_id": 139015063, "side": "sell", "size": "1615.40000000", "price": "0.19797000", "time": "2025-07-14T19:23:20.775762Z", "fetched_at": "2025-07-14T19:23:24.963541+00:00", "symbol": "DOGE-USD"}, {"trade_id": 139015062, "side": "sell", "size": "1582.30000000", "price": "0.19797000", "time": "2025-07-14T19:23:20.775762Z", "fetched_at": "2025-07-14T19:23:24.963541+00:00", "symbol": "DOGE-USD"}, {"trade_id": 139015061, "side": "sell", "size": "700.00000000", "price": "0.19796000", "time": "2025-07-14T19:23:20.775762Z", "fetched_at": "2025-07-14T19:23:24.963541+00:00", "symbol": "DOGE-USD"}, {"trade_id": 139015060, "side": "sell", "size": "5.60000000", "price": "0.19796000", "time": "2025-07-14T19:23:20.775762Z", "fetched_at": "2025-07-14T19:23:24.963541+00:00", "symbol": "DOGE-USD"}, {"trade_id": 139015059, "side": "sell", "size": "65.40000000", "price": "0.19795000", "time": "2025-07-14T19:23:20.775762Z", "fetched_at": "2025-07-14T19:23:24.963541+00:00", "symbol": "DOGE-USD"}, {"trade_id": 139015058, "side": "sell", "size": "54.60000000", "price": "0.19794000", "time": "2025-07-14T19:23:20.007649Z", "fetched_at": "2025-07-14T19:23:24.963541+00:00", "symbol": "DOGE-USD"}, {"trade_id": 139015057, "side": "sell", "size": "5.60000000", "price": "0.19794000", "time": "2025-07-14T19:23:20.007649Z", "fetched_at": "2025-07-14T19:23:24.963541+00:00", "symbol": "DOGE-USD"}, {"trade_id": 139015056, "side": "sell", "size": "62.60000000", "price": "0.19793000", "time": "2025-07-14T19:23:20.007649Z", "fetched_at": "2025-07-14T19:23:24.963541+00:00", "symbol": "DOGE-USD"}, {"trade_id": 139015055, "side": "sell", "size": "9753.10000000", "price": "0.19789000", "time": "2025-07-14T19:23:18.760217Z", "fetched_at": "2025-07-14T19:23:24.963541+00:00", "symbol": "DOGE-USD"}, {"trade_id": 139015054, "side": "sell", "size": "1615.40000000", "price": "0.19789000", "time": "2025-07-14T19:23:18.760217Z", "fetched_at": "2025-07-14T19:23:24.963541+00:00", "symbol": "DOGE-USD"}, {"trade_id": 139015053, "side": "sell", "size": "65.30000000", "price": "0.19788000", "time": "2025-07-14T19:23:18.760217Z", "fetched_at": "2025-07-14T19:23:24.963541+00:00", "symbol": "DOGE-USD"}, {"trade_id": 139015052, "side": "sell", "size": "190.30000000", "price": "0.19785000", "time": "2025-07-14T19:23:16.204549Z", "fetched_at": "2025-07-14T19:23:24.963541+00:00", "symbol": "DOGE-USD"}, {"trade_id": 139015051, "side": "sell", "size": "288.90000000", "price": "0.19785000", "time": "2025-07-14T19:23:16.204549Z", "fetched_at": "2025-07-14T19:23:24.963541+00:00", "symbol": "DOGE-USD"}, {"trade_id": 139015050, "side": "sell", "size": "28.80000000", "price": "0.19785000", "time": "2025-07-14T19:23:12.695758Z", "fetched_at": "2025-07-14T19:23:24.963541+00:00", "symbol": "DOGE-USD"}, {"trade_id": 139015049, "side": "buy", "size": "63.70000000", "price": "0.19786000", "time": "2025-07-14T19:23:10.132416Z", "fetched_at": "2025-07-14T19:23:24.963541+00:00", "symbol": "DOGE-USD"}, {"trade_id": 139015048, "side": "buy", "size": "5.60000000", "price": "0.19786000", "time": "2025-07-14T19:23:10.132416Z", "fetched_at": "2025-07-14T19:23:24.963541+00:00", "symbol": "DOGE-USD"}, {"trade_id": 139015047, "side": "buy", "size": "20.10000000", "price": "0.19789000", "time": "2025-07-14T19:23:07.528358Z", "fetched_at": "2025-07-14T19:23:24.963541+00:00", "symbol": "DOGE-USD"}, {"trade_id": 139015046, "side": "sell", "size": "119.80000000", "price": "0.19791000", "time": "2025-07-14T19:23:06.137956Z", "fetched_at": "2025-07-14T19:23:24.963541+00:00", "symbol": "DOGE-USD"}, {"trade_id": 139015045, "side": "buy", "size": "440.20000000", "price": "0.19789000", "time": "2025-07-14T19:23:05.882421Z", "fetched_at": "2025-07-14T19:23:24.963541+00:00", "symbol": "DOGE-USD"}, {"trade_id": 139015044, "side": "buy", "size": "1339.40000000", "price": "0.19789000", "time": "2025-07-14T19:23:05.882421Z", "fetched_at": "2025-07-14T19:23:24.963541+00:00", "symbol": "DOGE-USD"}, {"trade_id": 139015043, "side": "buy", "size": "1117.70000000", "price": "0.19790000", "time": "2025-07-14T19:23:04.881319Z", "fetched_at": "2025-07-14T19:23:24.963541+00:00", "symbol": "DOGE-USD"}, {"trade_id": 139015042, "side": "sell", "size": "1962.90000000", "price": "0.19789000", "time": "2025-07-14T19:23:01.864167Z", "fetched_at": "2025-07-14T19:23:24.963541+00:00", "symbol": "DOGE-USD"}, {"trade_id": 139015041, "side": "sell", "size": "1615.40000000", "price": "0.19789000", "time": "2025-07-14T19:23:01.864167Z", "fetched_at": "2025-07-14T19:23:24.963541+00:00", "symbol": "DOGE-USD"}, {"trade_id": 139015040, "side": "sell", "size": "27.60000000", "price": "0.19788000", "time": "2025-07-14T19:23:01.864167Z", "fetched_at": "2025-07-14T19:23:24.963541+00:00", "symbol": "DOGE-USD"}, {"trade_id": 139015039, "side": "sell", "size": "5.00000000", "price": "0.19788000", "time": "2025-07-14T19:23:00.376271Z", "fetched_at": "2025-07-14T19:23:24.963541+00:00", "symbol": "DOGE-USD"}, {"trade_id": 139015038, "side": "buy", "size": "945.50000000", "price": "0.19787000", "time": "2025-07-14T19:22:59.180696Z", "fetched_at": "2025-07-14T19:23:24.963541+00:00", "symbol": "DOGE-USD"}, {"trade_id": 139015037, "side": "buy", "size": "460.30000000", "price": "0.19788000", "time": "2025-07-14T19:22:59.180696Z", "fetched_at": "2025-07-14T19:23:24.963541+00:00", "symbol": "DOGE-USD"}, {"trade_id": 139015036, "side": "buy", "size": "1527.40000000", "price": "0.19788000", "time": "2025-07-14T19:22:59.180696Z", "fetched_at": "2025-07-14T19:23:24.963541+00:00", "symbol": "DOGE-USD"}, {"trade_id": 139015035, "side": "buy", "size": "5.60000000", "price": "0.19788000", "time": "2025-07-14T19:22:59.180696Z", "fetched_at": "2025-07-14T19:23:24.963541+00:00", "symbol": "DOGE-USD"}, {"trade_id": 139015034, "side": "buy", "size": "55.60000000", "price": "0.19789000", "time": "2025-07-14T19:22:59.180696Z", "fetched_at": "2025-07-14T19:23:24.963541+00:00", "symbol": "DOGE-USD"}, {"trade_id": 139015033, "side": "buy", "size": "5.60000000", "price": "0.19790000", "time": "2025-07-14T19:22:59.180696Z", "fetched_at": "2025-07-14T19:23:24.963541+00:00", "symbol": "DOGE-USD"}, {"trade_id": 139015032, "side": "buy", "size": "5.60000000", "price": "0.19792000", "time": "2025-07-14T19:22:53.333110Z", "fetched_at": "2025-07-14T19:23:24.963541+00:00", "symbol": "DOGE-USD"}, {"trade_id": 139015031, "side": "buy", "size": "5.60000000", "price": "0.19794000", "time": "2025-07-14T19:22:53.235714Z", "fetched_at": "2025-07-14T19:23:24.963541+00:00", "symbol": "DOGE-USD"}, {"trade_id": 139015030, "side": "buy", "size": "5.60000000", "price": "0.19796000", "time": "2025-07-14T19:22:49.768749Z", "fetched_at": "2025-07-14T19:23:24.963541+00:00", "symbol": "DOGE-USD"}, {"trade_id": 139015029, "side": "buy", "size": "67.10000000", "price": "0.19798000", "time": "2025-07-14T19:22:48.329596Z", "fetched_at": "2025-07-14T19:23:24.963541+00:00", "symbol": "DOGE-USD"}, {"trade_id": 139015028, "side": "sell", "size": "47.90000000", "price": "0.19797000", "time": "2025-07-14T19:22:43.634954Z", "fetched_at": "2025-07-14T19:23:24.963541+00:00", "symbol": "DOGE-USD"}, {"trade_id": 139015027, "side": "buy", "size": "5.60000000", "price": "0.19798000", "time": "2025-07-14T19:22:43.120408Z", "fetched_at": "2025-07-14T19:23:24.963541+00:00", "symbol": "DOGE-USD"}, {"trade_id": 139015026, "side": "buy", "size": "116.50000000", "price": "0.19799000", "time": "2025-07-14T19:22:42.316479Z", "fetched_at": "2025-07-14T19:23:24.963541+00:00", "symbol": "DOGE-USD"}, {"trade_id": 139015025, "side": "buy", "size": "208.80000000", "price": "0.19799000", "time": "2025-07-14T19:22:42.312850Z", "fetched_at": "2025-07-14T19:23:24.963541+00:00", "symbol": "DOGE-USD"}, {"trade_id": 139015024, "side": "buy", "size": "5.60000000", "price": "0.19800000", "time": "2025-07-14T19:22:42.275748Z", "fetched_at": "2025-07-14T19:23:24.963541+00:00", "symbol": "DOGE-USD"}, {"trade_id": 139015023, "side": "buy", "size": "18180.30000000", "price": "0.19802000", "time": "2025-07-14T19:22:41.659443Z", "fetched_at": "2025-07-14T19:23:24.963541+00:00", "symbol": "DOGE-USD"}, {"trade_id": 139015022, "side": "buy", "size": "5.60000000", "price": "0.19802000", "time": "2025-07-14T19:22:41.659443Z", "fetched_at": "2025-07-14T19:23:24.963541+00:00", "symbol": "DOGE-USD"}, {"trade_id": 139015021, "side": "sell", "size": "5.60000000", "price": "0.19808000", "time": "2025-07-14T19:22:37.294676Z", "fetched_at": "2025-07-14T19:23:24.963541+00:00", "symbol": "DOGE-USD"}, {"trade_id": 139015020, "side": "buy", "size": "255.10000000", "price": "0.19804000", "time": "2025-07-14T19:22:32.006147Z", "fetched_at": "2025-07-14T19:23:24.963541+00:00", "symbol": "DOGE-USD"}, {"trade_id": 139015019, "side": "sell", "size": "202.10000000", "price": "0.19807000", "time": "2025-07-14T19:22:29.208394Z", "fetched_at": "2025-07-14T19:23:24.963541+00:00", "symbol": "DOGE-USD"}, {"trade_id": 139015018, "side": "sell", "size": "12.70000000", "price": "0.19806000", "time": "2025-07-14T19:22:29.208394Z", "fetched_at": "2025-07-14T19:23:24.963541+00:00", "symbol": "DOGE-USD"}, {"trade_id": 139015017, "side": "sell", "size": "5.60000000", "price": "0.19806000", "time": "2025-07-14T19:22:29.208394Z", "fetched_at": "2025-07-14T19:23:24.963541+00:00", "symbol": "DOGE-USD"}, {"trade_id": 139015016, "side": "sell", "size": "29.60000000", "price": "0.19804000", "time": "2025-07-14T19:22:26.936792Z", "fetched_at": "2025-07-14T19:23:24.963541+00:00", "symbol": "DOGE-USD"}, {"trade_id": 139015015, "side": "sell", "size": "5.60000000", "price": "0.19804000", "time": "2025-07-14T19:22:25.040169Z", "fetched_at": "2025-07-14T19:23:24.963541+00:00", "symbol": "DOGE-USD"}, {"trade_id": 139015014, "side": "sell", "size": "5.60000000", "price": "0.19802000", "time": "2025-07-14T19:22:24.931167Z", "fetched_at": "2025-07-14T19:23:24.963541+00:00", "symbol": "DOGE-USD"}, {"trade_id": 139015013, "side": "sell", "size": "5.60000000", "price": "0.19800000", "time": "2025-07-14T19:22:24.795347Z", "fetched_at": "2025-07-14T19:23:24.963541+00:00", "symbol": "DOGE-USD"}, {"trade_id": 139015012, "side": "sell", "size": "5.60000000", "price": "0.19798000", "time": "2025-07-14T19:22:22.563523Z", "fetched_at": "2025-07-14T19:23:24.963541+00:00", "symbol": "DOGE-USD"}, {"trade_id": 139015011, "side": "sell", "size": "150.10000000", "price": "0.19793000", "time": "2025-07-14T19:22:18.245265Z", "fetched_at": "2025-07-14T19:23:24.963541+00:00", "symbol": "DOGE-USD"}, {"trade_id": 139015010, "side": "sell", "size": "122.70000000", "price": "0.19794000", "time": "2025-07-14T19:22:15.910270Z", "fetched_at": "2025-07-14T19:23:24.963541+00:00", "symbol": "DOGE-USD"}, {"trade_id": 139015009, "side": "sell", "size": "17.90000000", "price": "0.19796000", "time": "2025-07-14T19:22:14.520746Z", "fetched_at": "2025-07-14T19:23:24.963541+00:00", "symbol": "DOGE-USD"}, {"trade_id": 139015008, "side": "buy", "size": "5.60000000", "price": "0.19794000", "time": "2025-07-14T19:22:05.282521Z", "fetched_at": "2025-07-14T19:23:24.963541+00:00", "symbol": "DOGE-USD"}, {"trade_id": 139015007, "side": "buy", "size": "34.00000000", "price": "0.19796000", "time": "2025-07-14T19:22:05.257261Z", "fetched_at": "2025-07-14T19:23:24.963541+00:00", "symbol": "DOGE-USD"}, {"trade_id": 139015006, "side": "buy", "size": "50.50000000", "price": "0.19797000", "time": "2025-07-14T19:22:04.761600Z", "fetched_at": "2025-07-14T19:23:24.963541+00:00", "symbol": "DOGE-USD"}, {"trade_id": 139015005, "side": "sell", "size": "5.00000000", "price": "0.19799000", "time": "2025-07-14T19:22:01.682185Z", "fetched_at": "2025-07-14T19:23:24.963541+00:00", "symbol": "DOGE-USD"}, {"trade_id": 139015004, "side": "sell", "size": "4.90000000", "price": "0.19795000", "time": "2025-07-14T19:21:53.647166Z", "fetched_at": "2025-07-14T19:23:24.963541+00:00", "symbol": "DOGE-USD"}, {"trade_id": 139015003, "side": "buy", "size": "4426.60000000", "price": "0.19799000", "time": "2025-07-14T19:21:53.407296Z", "fetched_at": "2025-07-14T19:23:24.963541+00:00", "symbol": "DOGE-USD"}, {"trade_id": 139015002, "side": "buy", "size": "66.10000000", "price": "0.19799000", "time": "2025-07-14T19:21:53.407296Z", "fetched_at": "2025-07-14T19:23:24.963541+00:00", "symbol": "DOGE-USD"}, {"trade_id": 139015001, "side": "buy", "size": "2081.60000000", "price": "0.19799000", "time": "2025-07-14T19:21:53.401921Z", "fetched_at": "2025-07-14T19:23:24.963541+00:00", "symbol": "DOGE-USD"}, {"trade_id": 139015000, "side": "buy", "size": "66.10000000", "price": "0.19799000", "time": "2025-07-14T19:21:53.401921Z", "fetched_at": "2025-07-14T19:23:24.963541+00:00", "symbol": "DOGE-USD"}, {"trade_id": 139014999, "side": "buy", "size": "2550.60000000", "price": "0.19799000", "time": "2025-07-14T19:21:53.401921Z", "fetched_at": "2025-07-14T19:23:24.963541+00:00", "symbol": "DOGE-USD"}, {"trade_id": 139014998, "side": "buy", "size": "1615.40000000", "price": "0.19799000", "time": "2025-07-14T19:21:53.401921Z", "fetched_at": "2025-07-14T19:23:24.963541+00:00", "symbol": "DOGE-USD"}, {"trade_id": 139014997, "side": "buy", "size": "700.00000000", "price": "0.19800000", "time": "2025-07-14T19:21:53.401921Z", "fetched_at": "2025-07-14T19:23:24.963541+00:00", "symbol": "DOGE-USD"}, {"trade_id": 139014996, "side": "buy", "size": "286.80000000", "price": "0.19801000", "time": "2025-07-14T19:21:53.401921Z", "fetched_at": "2025-07-14T19:23:24.963541+00:00", "symbol": "DOGE-USD"}, {"trade_id": 139014995, "side": "sell", "size": "85.50000000", "price": "0.19804000", "time": "2025-07-14T19:21:53.319250Z", "fetched_at": "2025-07-14T19:23:24.963541+00:00", "symbol": "DOGE-USD"}, {"trade_id": 139014994, "side": "sell", "size": "5.60000000", "price": "0.19804000", "time": "2025-07-14T19:21:53.319250Z", "fetched_at": "2025-07-14T19:23:24.963541+00:00", "symbol": "DOGE-USD"}, {"trade_id": 139014993, "side": "sell", "size": "20.40000000", "price": "0.19803000", "time": "2025-07-14T19:21:53.319250Z", "fetched_at": "2025-07-14T19:23:24.963541+00:00", "symbol": "DOGE-USD"}, {"trade_id": 139014992, "side": "sell", "size": "5.60000000", "price": "0.19802000", "time": "2025-07-14T19:21:53.319250Z", "fetched_at": "2025-07-14T19:23:24.963541+00:00", "symbol": "DOGE-USD"}, {"trade_id": 139014991, "side": "sell", "size": "5.60000000", "price": "0.19800000", "time": "2025-07-14T19:21:53.319250Z", "fetched_at": "2025-07-14T19:23:24.963541+00:00", "symbol": "DOGE-USD"}, {"trade_id": 139014990, "side": "sell", "size": "5.60000000", "price": "0.19798000", "time": "2025-07-14T19:21:52.790839Z", "fetched_at": "2025-07-14T19:23:24.963541+00:00", "symbol": "DOGE-USD"}, {"trade_id": 139014989, "side": "sell", "size": "18201.10000000", "price": "0.19797000", "time": "2025-07-14T19:21:51.401141Z", "fetched_at": "2025-07-14T19:23:24.963541+00:00", "symbol": "DOGE-USD"}, {"trade_id": 139014988, "side": "sell", "size": "2544.00000000", "price": "0.19797000", "time": "2025-07-14T19:21:51.401141Z", "fetched_at": "2025-07-14T19:23:24.963541+00:00", "symbol": "DOGE-USD"}, {"trade_id": 139014987, "side": "sell", "size": "1615.40000000", "price": "0.19797000", "time": "2025-07-14T19:21:51.401141Z", "fetched_at": "2025-07-14T19:23:24.963541+00:00", "symbol": "DOGE-USD"}, {"trade_id": 139014986, "side": "sell", "size": "2989.20000000", "price": "0.19796000", "time": "2025-07-14T19:21:51.393691Z", "fetched_at": "2025-07-14T19:23:24.963541+00:00", "symbol": "DOGE-USD"}, {"trade_id": 139014985, "side": "sell", "size": "5447.30000000", "price": "0.19796000", "time": "2025-07-14T19:21:51.393691Z", "fetched_at": "2025-07-14T19:23:24.963541+00:00", "symbol": "DOGE-USD"}, {"trade_id": 139014984, "side": "sell", "size": "1602.90000000", "price": "0.19796000", "time": "2025-07-14T19:21:51.393691Z", "fetched_at": "2025-07-14T19:23:24.963541+00:00", "symbol": "DOGE-USD"}, {"trade_id": 139014983, "side": "sell", "size": "26.00000000", "price": "0.19795000", "time": "2025-07-14T19:21:51.393691Z", "fetched_at": "2025-07-14T19:23:24.963541+00:00", "symbol": "DOGE-USD"}, {"trade_id": 139014982, "side": "sell", "size": "1115.80000000", "price": "0.19795000", "time": "2025-07-14T19:21:49.387855Z", "fetched_at": "2025-07-14T19:23:24.963541+00:00", "symbol": "DOGE-USD"}, {"trade_id": 139014981, "side": "sell", "size": "6337.50000000", "price": "0.19794000", "time": "2025-07-14T19:21:49.387855Z", "fetched_at": "2025-07-14T19:23:24.963541+00:00", "symbol": "DOGE-USD"}, {"trade_id": 139014980, "side": "sell", "size": "26.00000000", "price": "0.19793000", "time": "2025-07-14T19:21:49.387855Z", "fetched_at": "2025-07-14T19:23:24.963541+00:00", "symbol": "DOGE-USD"}, {"trade_id": 139014979, "side": "buy", "size": "45.70000000", "price": "0.19792000", "time": "2025-07-14T19:21:45.771075Z", "fetched_at": "2025-07-14T19:23:24.963541+00:00", "symbol": "DOGE-USD"}, {"trade_id": 139014978, "side": "buy", "size": "768.50000000", "price": "0.19791000", "time": "2025-07-14T19:21:44.203343Z", "fetched_at": "2025-07-14T19:23:24.963541+00:00", "symbol": "DOGE-USD"}, {"trade_id": 139014977, "side": "buy", "size": "66.60000000", "price": "0.19791000", "time": "2025-07-14T19:21:44.203343Z", "fetched_at": "2025-07-14T19:23:24.963541+00:00", "symbol": "DOGE-USD"}, {"trade_id": 139014976, "side": "buy", "size": "1330.80000000", "price": "0.19792000", "time": "2025-07-14T19:21:44.203343Z", "fetched_at": "2025-07-14T19:23:24.963541+00:00", "symbol": "DOGE-USD"}, {"trade_id": 139014975, "side": "buy", "size": "1568.70000000", "price": "0.19792000", "time": "2025-07-14T19:21:44.203343Z", "fetched_at": "2025-07-14T19:23:24.963541+00:00", "symbol": "DOGE-USD"}, {"trade_id": 139014974, "side": "sell", "size": "12.50000000", "price": "0.19796000", "time": "2025-07-14T19:21:42.379635Z", "fetched_at": "2025-07-14T19:23:24.963541+00:00", "symbol": "DOGE-USD"}, {"trade_id": 139014973, "side": "sell", "size": "35.40000000", "price": "0.19795000", "time": "2025-07-14T19:21:42.379635Z", "fetched_at": "2025-07-14T19:23:24.963541+00:00", "symbol": "DOGE-USD"}, {"trade_id": 139014972, "side": "sell", "size": "110.20000000", "price": "0.19791000", "time": "2025-07-14T19:21:41.039846Z", "fetched_at": "2025-07-14T19:23:24.963541+00:00", "symbol": "DOGE-USD"}, {"trade_id": 139014971, "side": "buy", "size": "461.40000000", "price": "0.19792000", "time": "2025-07-14T19:21:40.564090Z", "fetched_at": "2025-07-14T19:23:24.963541+00:00", "symbol": "DOGE-USD"}, {"trade_id": 139014970, "side": "buy", "size": "5.60000000", "price": "0.19792000", "time": "2025-07-14T19:21:40.564090Z", "fetched_at": "2025-07-14T19:23:24.963541+00:00", "symbol": "DOGE-USD"}, {"trade_id": 139014969, "side": "buy", "size": "64.70000000", "price": "0.19793000", "time": "2025-07-14T19:21:40.564090Z", "fetched_at": "2025-07-14T19:23:24.963541+00:00", "symbol": "DOGE-USD"}, {"trade_id": 139014968, "side": "sell", "size": "554.60000000", "price": "0.19794000", "time": "2025-07-14T19:21:38.046544Z", "fetched_at": "2025-07-14T19:23:24.963541+00:00", "symbol": "DOGE-USD"}, {"trade_id": 139014967, "side": "sell", "size": "183.00000000", "price": "0.19793000", "time": "2025-07-14T19:21:38.046544Z", "fetched_at": "2025-07-14T19:23:24.963541+00:00", "symbol": "DOGE-USD"}, {"trade_id": 139014966, "side": "sell", "size": "1561.30000000", "price": "0.19793000", "time": "2025-07-14T19:21:38.046544Z", "fetched_at": "2025-07-14T19:23:24.963541+00:00", "symbol": "DOGE-USD"}, {"trade_id": 139014965, "side": "sell", "size": "574.70000000", "price": "0.19793000", "time": "2025-07-14T19:21:38.046544Z", "fetched_at": "2025-07-14T19:23:24.963541+00:00", "symbol": "DOGE-USD"}, {"trade_id": 139014964, "side": "sell", "size": "125.30000000", "price": "0.19793000", "time": "2025-07-14T19:21:38.041678Z", "fetched_at": "2025-07-14T19:23:24.963541+00:00", "symbol": "DOGE-USD"}, {"trade_id": 139014963, "side": "buy", "size": "642.50000000", "price": "0.19796000", "time": "2025-07-14T19:21:34.436357Z", "fetched_at": "2025-07-14T19:23:24.963541+00:00", "symbol": "DOGE-USD"}, {"trade_id": 139014962, "side": "sell", "size": "43.20000000", "price": "0.19796000", "time": "2025-07-14T19:21:33.295462Z", "fetched_at": "2025-07-14T19:23:24.963541+00:00", "symbol": "DOGE-USD"}, {"trade_id": 139014961, "side": "sell", "size": "5.60000000", "price": "0.19796000", "time": "2025-07-14T19:21:33.295462Z", "fetched_at": "2025-07-14T19:23:24.963541+00:00", "symbol": "DOGE-USD"}, {"trade_id": 139014960, "side": "sell", "size": "5.60000000", "price": "0.19792000", "time": "2025-07-14T19:21:32.841532Z", "fetched_at": "2025-07-14T19:23:24.963541+00:00", "symbol": "DOGE-USD"}, {"trade_id": 139014959, "side": "sell", "size": "75.00000000", "price": "0.19787000", "time": "2025-07-14T19:21:30.222803Z", "fetched_at": "2025-07-14T19:23:24.963541+00:00", "symbol": "DOGE-USD"}, {"trade_id": 139014958, "side": "buy", "size": "33.70000000", "price": "0.19786000", "time": "2025-07-14T19:21:21.332077Z", "fetched_at": "2025-07-14T19:23:24.963541+00:00", "symbol": "DOGE-USD"}, {"trade_id": 139014957, "side": "buy", "size": "5.60000000", "price": "0.19786000", "time": "2025-07-14T19:21:21.332077Z", "fetched_at": "2025-07-14T19:23:24.963541+00:00", "symbol": "DOGE-USD"}, {"trade_id": 139014956, "side": "buy", "size": "5.60000000", "price": "0.19788000", "time": "2025-07-14T19:21:21.332077Z", "fetched_at": "2025-07-14T19:23:24.963541+00:00", "symbol": "DOGE-USD"}, {"trade_id": 139014955, "side": "buy", "size": "5.60000000", "price": "0.19790000", "time": "2025-07-14T19:21:21.332077Z", "fetched_at": "2025-07-14T19:23:24.963541+00:00", "symbol": "DOGE-USD"}, {"trade_id": 139014954, "side": "buy", "size": "442.60000000", "price": "0.19792000", "time": "2025-07-14T19:21:19.587250Z", "fetched_at": "2025-07-14T19:23:24.963541+00:00", "symbol": "DOGE-USD"}, {"trade_id": 139014953, "side": "buy", "size": "57.40000000", "price": "0.19793000", "time": "2025-07-14T19:21:19.587250Z", "fetched_at": "2025-07-14T19:23:24.963541+00:00", "symbol": "DOGE-USD"}, {"trade_id": 139014952, "side": "buy", "size": "442.10000000", "price": "0.19795000", "time": "2025-07-14T19:21:16.810147Z", "fetched_at": "2025-07-14T19:23:24.963541+00:00", "symbol": "DOGE-USD"}, {"trade_id": 139014951, "side": "buy", "size": "286.80000000", "price": "0.19795000", "time": "2025-07-14T19:21:16.810147Z", "fetched_at": "2025-07-14T19:23:24.963541+00:00", "symbol": "DOGE-USD"}, {"trade_id": 139014950, "side": "sell", "size": "26.70000000", "price": "0.19796000", "time": "2025-07-14T19:21:16.346250Z", "fetched_at": "2025-07-14T19:23:24.963541+00:00", "symbol": "DOGE-USD"}, {"trade_id": 139014949, "side": "sell", "size": "69.10000000", "price": "0.19795000", "time": "2025-07-14T19:21:16.346250Z", "fetched_at": "2025-07-14T19:23:24.963541+00:00", "symbol": "DOGE-USD"}, {"trade_id": 139014948, "side": "sell", "size": "491.10000000", "price": "0.19793000", "time": "2025-07-14T19:21:14.933914Z", "fetched_at": "2025-07-14T19:23:24.963541+00:00", "symbol": "DOGE-USD"}, {"trade_id": 139014947, "side": "sell", "size": "18.20000000", "price": "0.19794000", "time": "2025-07-14T19:21:10.820379Z", "fetched_at": "2025-07-14T19:23:24.963541+00:00", "symbol": "DOGE-USD"}, {"trade_id": 139014946, "side": "sell", "size": "5.60000000", "price": "0.19794000", "time": "2025-07-14T19:21:10.820379Z", "fetched_at": "2025-07-14T19:23:24.963541+00:00", "symbol": "DOGE-USD"}, {"trade_id": 139014945, "side": "buy", "size": "475.20000000", "price": "0.19790000", "time": "2025-07-14T19:21:08.767738Z", "fetched_at": "2025-07-14T19:23:24.963541+00:00", "symbol": "DOGE-USD"}, {"trade_id": 139014944, "side": "buy", "size": "196.60000000", "price": "0.19788000", "time": "2025-07-14T19:21:04.762007Z", "fetched_at": "2025-07-14T19:23:24.963541+00:00", "symbol": "DOGE-USD"}, {"trade_id": 139014943, "side": "buy", "size": "5.60000000", "price": "0.19788000", "time": "2025-07-14T19:21:01.474576Z", "fetched_at": "2025-07-14T19:23:24.963541+00:00", "symbol": "DOGE-USD"}, {"trade_id": 139014942, "side": "sell", "size": "71.80000000", "price": "0.19789000", "time": "2025-07-14T19:21:01.015805Z", "fetched_at": "2025-07-14T19:23:24.963541+00:00", "symbol": "DOGE-USD"}, {"trade_id": 139014941, "side": "buy", "size": "5.60000000", "price": "0.19790000", "time": "2025-07-14T19:21:00.949781Z", "fetched_at": "2025-07-14T19:23:24.963541+00:00", "symbol": "DOGE-USD"}, {"trade_id": 139014940, "side": "buy", "size": "5.60000000", "price": "0.19792000", "time": "2025-07-14T19:21:00.937262Z", "fetched_at": "2025-07-14T19:23:24.963541+00:00", "symbol": "DOGE-USD"}, {"trade_id": 139014939, "side": "buy", "size": "5.60000000", "price": "0.19794000", "time": "2025-07-14T19:21:00.710320Z", "fetched_at": "2025-07-14T19:23:24.963541+00:00", "symbol": "DOGE-USD"}, {"trade_id": 139014938, "side": "sell", "size": "239.50000000", "price": "0.19797000", "time": "2025-07-14T19:20:57.040869Z", "fetched_at": "2025-07-14T19:23:24.963541+00:00", "symbol": "DOGE-USD"}, {"trade_id": 139014937, "side": "sell", "size": "3871.50000000", "price": "0.19798000", "time": "2025-07-14T19:20:55.236579Z", "fetched_at": "2025-07-14T19:23:24.963541+00:00", "symbol": "DOGE-USD"}, {"trade_id": 139014936, "side": "sell", "size": "2213.80000000", "price": "0.19798000", "time": "2025-07-14T19:20:55.236579Z", "fetched_at": "2025-07-14T19:23:24.963541+00:00", "symbol": "DOGE-USD"}, {"trade_id": 139014935, "side": "sell", "size": "1806.50000000", "price": "0.19798000", "time": "2025-07-14T19:20:55.236579Z", "fetched_at": "2025-07-14T19:23:24.963541+00:00", "symbol": "DOGE-USD"}, {"trade_id": 139014934, "side": "sell", "size": "1600.20000000", "price": "0.19798000", "time": "2025-07-14T19:20:55.236579Z", "fetched_at": "2025-07-14T19:23:24.963541+00:00", "symbol": "DOGE-USD"}, {"trade_id": 139014933, "side": "sell", "size": "282.50000000", "price": "0.19798000", "time": "2025-07-14T19:20:55.236579Z", "fetched_at": "2025-07-14T19:23:24.963541+00:00", "symbol": "DOGE-USD"}, {"trade_id": 139014932, "side": "sell", "size": "75.60000000", "price": "0.19797000", "time": "2025-07-14T19:20:55.236579Z", "fetched_at": "2025-07-14T19:23:24.963541+00:00", "symbol": "DOGE-USD"}, {"trade_id": 139014931, "side": "buy", "size": "35.90000000", "price": "0.19794000", "time": "2025-07-14T19:20:54.321593Z", "fetched_at": "2025-07-14T19:23:24.963541+00:00", "symbol": "DOGE-USD"}, {"trade_id": 139014930, "side": "buy", "size": "34.60000000", "price": "0.19794000", "time": "2025-07-14T19:20:52.016567Z", "fetched_at": "2025-07-14T19:23:24.963541+00:00", "symbol": "DOGE-USD"}, {"trade_id": 139014929, "side": "buy", "size": "5.60000000", "price": "0.19794000", "time": "2025-07-14T19:20:52.016567Z", "fetched_at": "2025-07-14T19:23:24.963541+00:00", "symbol": "DOGE-USD"}, {"trade_id": 139014928, "side": "buy", "size": "16621.10000000", "price": "0.19796000", "time": "2025-07-14T19:20:51.663821Z", "fetched_at": "2025-07-14T19:23:24.963541+00:00", "symbol": "DOGE-USD"}, {"trade_id": 139014927, "side": "buy", "size": "5.60000000", "price": "0.19796000", "time": "2025-07-14T19:20:51.663821Z", "fetched_at": "2025-07-14T19:23:24.963541+00:00", "symbol": "DOGE-USD"}, {"trade_id": 139014926, "side": "buy", "size": "5.60000000", "price": "0.19798000", "time": "2025-07-14T19:20:51.663821Z", "fetched_at": "2025-07-14T19:23:24.963541+00:00", "symbol": "DOGE-USD"}, {"trade_id": 139014925, "side": "buy", "size": "118.10000000", "price": "0.19803000", "time": "2025-07-14T19:20:49.508938Z", "fetched_at": "2025-07-14T19:23:24.963541+00:00", "symbol": "DOGE-USD"}, {"trade_id": 139014924, "side": "buy", "size": "15.70000000", "price": "0.19800000", "time": "2025-07-14T19:20:49.052914Z", "fetched_at": "2025-07-14T19:23:24.963541+00:00", "symbol": "DOGE-USD"}, {"trade_id": 139014923, "side": "buy", "size": "57.10000000", "price": "0.19801000", "time": "2025-07-14T19:20:49.052914Z", "fetched_at": "2025-07-14T19:23:24.963541+00:00", "symbol": "DOGE-USD"}, {"trade_id": 139014922, "side": "sell", "size": "5.60000000", "price": "0.19802000", "time": "2025-07-14T19:20:48.510429Z", "fetched_at": "2025-07-14T19:23:24.963541+00:00", "symbol": "DOGE-USD"}, {"trade_id": 139014921, "side": "sell", "size": "205.80000000", "price": "0.19801000", "time": "2025-07-14T19:20:46.611604Z", "fetched_at": "2025-07-14T19:23:24.963541+00:00", "symbol": "DOGE-USD"}, {"trade_id": 139014920, "side": "sell", "size": "22.80000000", "price": "0.19800000", "time": "2025-07-14T19:20:46.611604Z", "fetched_at": "2025-07-14T19:23:24.963541+00:00", "symbol": "DOGE-USD"}, {"trade_id": 139014919, "side": "sell", "size": "5.60000000", "price": "0.19800000", "time": "2025-07-14T19:20:46.611604Z", "fetched_at": "2025-07-14T19:23:24.963541+00:00", "symbol": "DOGE-USD"}, {"trade_id": 139014918, "side": "sell", "size": "5.60000000", "price": "0.19798000", "time": "2025-07-14T19:20:46.611604Z", "fetched_at": "2025-07-14T19:23:24.963541+00:00", "symbol": "DOGE-USD"}, {"trade_id": 139014917, "side": "buy", "size": "251.40000000", "price": "0.19797000", "time": "2025-07-14T19:20:45.865200Z", "fetched_at": "2025-07-14T19:23:24.963541+00:00", "symbol": "DOGE-USD"}, {"trade_id": 139014916, "side": "buy", "size": "286.80000000", "price": "0.19797000", "time": "2025-07-14T19:20:45.865200Z", "fetched_at": "2025-07-14T19:23:24.963541+00:00", "symbol": "DOGE-USD"}, {"trade_id": 139014915, "side": "sell", "size": "5.60000000", "price": "0.19796000", "time": "2025-07-14T19:20:44.426880Z", "fetched_at": "2025-07-14T19:23:24.963541+00:00", "symbol": "DOGE-USD"}, {"trade_id": 139014914, "side": "sell", "size": "5.60000000", "price": "0.19794000", "time": "2025-07-14T19:20:43.912155Z", "fetched_at": "2025-07-14T19:23:24.963541+00:00", "symbol": "DOGE-USD"}, {"trade_id": 139014913, "side": "sell", "size": "5.60000000", "price": "0.19792000", "time": "2025-07-14T19:20:43.450398Z", "fetched_at": "2025-07-14T19:23:24.963541+00:00", "symbol": "DOGE-USD"}, {"trade_id": 139014912, "side": "sell", "size": "5.60000000", "price": "0.19790000", "time": "2025-07-14T19:20:43.359487Z", "fetched_at": "2025-07-14T19:23:24.963541+00:00", "symbol": "DOGE-USD"}, {"trade_id": 139014911, "side": "buy", "size": "950.90000000", "price": "0.19789000", "time": "2025-07-14T19:20:42.338033Z", "fetched_at": "2025-07-14T19:23:24.963541+00:00", "symbol": "DOGE-USD"}, {"trade_id": 139014910, "side": "buy", "size": "7.30000000", "price": "0.19789000", "time": "2025-07-14T19:20:39.434702Z", "fetched_at": "2025-07-14T19:23:24.963541+00:00", "symbol": "DOGE-USD"}, {"trade_id": 139014909, "side": "buy", "size": "286.80000000", "price": "0.19789000", "time": "2025-07-14T19:20:39.434702Z", "fetched_at": "2025-07-14T19:23:24.963541+00:00", "symbol": "DOGE-USD"}, {"trade_id": 139014908, "side": "sell", "size": "5.60000000", "price": "0.19788000", "time": "2025-07-14T19:20:37.645913Z", "fetched_at": "2025-07-14T19:23:24.963541+00:00", "symbol": "DOGE-USD"}, {"trade_id": 139014907, "side": "sell", "size": "5.60000000", "price": "0.19786000", "time": "2025-07-14T19:20:32.437868Z", "fetched_at": "2025-07-14T19:23:24.963541+00:00", "symbol": "DOGE-USD"}, {"trade_id": 139014906, "side": "sell", "size": "984.50000000", "price": "0.19785000", "time": "2025-07-14T19:20:32.195643Z", "fetched_at": "2025-07-14T19:23:24.963541+00:00", "symbol": "DOGE-USD"}, {"trade_id": 139014905, "side": "sell", "size": "984.50000000", "price": "0.19785000", "time": "2025-07-14T19:20:32.195643Z", "fetched_at": "2025-07-14T19:23:24.963541+00:00", "symbol": "DOGE-USD"}, {"trade_id": 139014904, "side": "sell", "size": "69.00000000", "price": "0.19784000", "time": "2025-07-14T19:20:32.195643Z", "fetched_at": "2025-07-14T19:23:24.963541+00:00", "symbol": "DOGE-USD"}, {"trade_id": 139014903, "side": "buy", "size": "2799.90000000", "price": "0.19783000", "time": "2025-07-14T19:20:31.275106Z", "fetched_at": "2025-07-14T19:23:24.963541+00:00", "symbol": "DOGE-USD"}, {"trade_id": 139014902, "side": "buy", "size": "8.90000000", "price": "0.19783000", "time": "2025-07-14T19:20:30.505638Z", "fetched_at": "2025-07-14T19:23:24.963541+00:00", "symbol": "DOGE-USD"}, {"trade_id": 139014901, "side": "buy", "size": "4411.00000000", "price": "0.19783000", "time": "2025-07-14T19:20:28.976536Z", "fetched_at": "2025-07-14T19:23:24.963541+00:00", "symbol": "DOGE-USD"}, {"trade_id": 139014900, "side": "sell", "size": "5.60000000", "price": "0.19784000", "time": "2025-07-14T19:20:28.453414Z", "fetched_at": "2025-07-14T19:23:24.963541+00:00", "symbol": "DOGE-USD"}, {"trade_id": 139014899, "side": "sell", "size": "5.60000000", "price": "0.19782000", "time": "2025-07-14T19:20:28.352780Z", "fetched_at": "2025-07-14T19:23:24.963541+00:00", "symbol": "DOGE-USD"}, {"trade_id": 139014898, "side": "sell", "size": "5.60000000", "price": "0.19780000", "time": "2025-07-14T19:20:28.260099Z", "fetched_at": "2025-07-14T19:23:24.963541+00:00", "symbol": "DOGE-USD"}, {"trade_id": 139014897, "side": "sell", "size": "984.50000000", "price": "0.19778000", "time": "2025-07-14T19:20:28.004276Z", "fetched_at": "2025-07-14T19:23:24.963541+00:00", "symbol": "DOGE-USD"}, {"trade_id": 139014896, "side": "buy", "size": "273.20000000", "price": "0.19779000", "time": "2025-07-14T19:20:25.199943Z", "fetched_at": "2025-07-14T19:23:24.963541+00:00", "symbol": "DOGE-USD"}, {"trade_id": 139014895, "side": "buy", "size": "286.80000000", "price": "0.19779000", "time": "2025-07-14T19:20:25.199943Z", "fetched_at": "2025-07-14T19:23:24.963541+00:00", "symbol": "DOGE-USD"}, {"trade_id": 139014894, "side": "sell", "size": "3034.70000000", "price": "0.19780000", "time": "2025-07-14T19:20:22.837390Z", "fetched_at": "2025-07-14T19:23:24.963541+00:00", "symbol": "DOGE-USD"}, {"trade_id": 139014893, "side": "sell", "size": "37.30000000", "price": "0.19779000", "time": "2025-07-14T19:20:22.837390Z", "fetched_at": "2025-07-14T19:23:24.963541+00:00", "symbol": "DOGE-USD"}, {"trade_id": 139014892, "side": "sell", "size": "2553.20000000", "price": "0.19780000", "time": "2025-07-14T19:20:22.675798Z", "fetched_at": "2025-07-14T19:23:24.963541+00:00", "symbol": "DOGE-USD"}, {"trade_id": 139014891, "side": "sell", "size": "1600.20000000", "price": "0.19780000", "time": "2025-07-14T19:20:22.675798Z", "fetched_at": "2025-07-14T19:23:24.963541+00:00", "symbol": "DOGE-USD"}, {"trade_id": 139014890, "side": "sell", "size": "810.00000000", "price": "0.19780000", "time": "2025-07-14T19:20:22.675798Z", "fetched_at": "2025-07-14T19:23:24.963541+00:00", "symbol": "DOGE-USD"}, {"trade_id": 139014889, "side": "sell", "size": "5.60000000", "price": "0.19780000", "time": "2025-07-14T19:20:22.675798Z", "fetched_at": "2025-07-14T19:23:24.963541+00:00", "symbol": "DOGE-USD"}, {"trade_id": 139014888, "side": "sell", "size": "1973.60000000", "price": "0.19779000", "time": "2025-07-14T19:20:22.675332Z", "fetched_at": "2025-07-14T19:23:24.963541+00:00", "symbol": "DOGE-USD"}, {"trade_id": 139014887, "side": "sell", "size": "18247.90000000", "price": "0.19779000", "time": "2025-07-14T19:20:22.675332Z", "fetched_at": "2025-07-14T19:23:24.963541+00:00", "symbol": "DOGE-USD"}, {"trade_id": 139014886, "side": "sell", "size": "5497.10000000", "price": "0.19778000", "time": "2025-07-14T19:20:22.674846Z", "fetched_at": "2025-07-14T19:23:24.963541+00:00", "symbol": "DOGE-USD"}, {"trade_id": 139014885, "side": "sell", "size": "5631.60000000", "price": "0.19778000", "time": "2025-07-14T19:20:22.674846Z", "fetched_at": "2025-07-14T19:23:24.963541+00:00", "symbol": "DOGE-USD"}, {"trade_id": 139014884, "side": "sell", "size": "1600.20000000", "price": "0.19778000", "time": "2025-07-14T19:20:22.674846Z", "fetched_at": "2025-07-14T19:23:24.963541+00:00", "symbol": "DOGE-USD"}, {"trade_id": 139014883, "side": "sell", "size": "5.60000000", "price": "0.19778000", "time": "2025-07-14T19:20:22.674846Z", "fetched_at": "2025-07-14T19:23:24.963541+00:00", "symbol": "DOGE-USD"}, {"trade_id": 139014882, "side": "sell", "size": "37.30000000", "price": "0.19777000", "time": "2025-07-14T19:20:22.674846Z", "fetched_at": "2025-07-14T19:23:24.963541+00:00", "symbol": "DOGE-USD"}, {"trade_id": 139014881, "side": "sell", "size": "5.60000000", "price": "0.19776000", "time": "2025-07-14T19:20:22.674846Z", "fetched_at": "2025-07-14T19:23:24.963541+00:00", "symbol": "DOGE-USD"}, {"trade_id": 139014880, "side": "sell", "size": "5.60000000", "price": "0.19774000", "time": "2025-07-14T19:20:22.559090Z", "fetched_at": "2025-07-14T19:23:24.963541+00:00", "symbol": "DOGE-USD"}, {"trade_id": 139014879, "side": "buy", "size": "290.70000000", "price": "0.19767000", "time": "2025-07-14T19:20:20.000265Z", "fetched_at": "2025-07-14T19:23:24.963541+00:00", "symbol": "DOGE-USD"}, {"trade_id": 139014878, "side": "buy", "size": "5.60000000", "price": "0.19768000", "time": "2025-07-14T19:20:20.000265Z", "fetched_at": "2025-07-14T19:23:24.963541+00:00", "symbol": "DOGE-USD"}, {"trade_id": 139014877, "side": "sell", "size": "30.20000000", "price": "0.19769000", "time": "2025-07-14T19:20:19.610131Z", "fetched_at": "2025-07-14T19:23:24.963541+00:00", "symbol": "DOGE-USD"}, {"trade_id": 139014876, "side": "buy", "size": "2023.00000000", "price": "0.19770000", "time": "2025-07-14T19:20:18.691127Z", "fetched_at": "2025-07-14T19:23:24.963541+00:00", "symbol": "DOGE-USD"}, {"trade_id": 139014875, "side": "buy", "size": "1920.90000000", "price": "0.19770000", "time": "2025-07-14T19:20:18.691127Z", "fetched_at": "2025-07-14T19:23:24.963541+00:00", "symbol": "DOGE-USD"}, {"trade_id": 139014874, "side": "buy", "size": "2500.00000000", "price": "0.19770000", "time": "2025-07-14T19:20:18.691127Z", "fetched_at": "2025-07-14T19:23:24.963541+00:00", "symbol": "DOGE-USD"}, {"trade_id": 139014873, "side": "buy", "size": "5.60000000", "price": "0.19770000", "time": "2025-07-14T19:20:18.691127Z", "fetched_at": "2025-07-14T19:23:24.963541+00:00", "symbol": "DOGE-USD"}, {"trade_id": 139014872, "side": "buy", "size": "4737.90000000", "price": "0.19772000", "time": "2025-07-14T19:20:18.691127Z", "fetched_at": "2025-07-14T19:23:24.963541+00:00", "symbol": "DOGE-USD"}, {"trade_id": 139014871, "side": "buy", "size": "3164.20000000", "price": "0.19771000", "time": "2025-07-14T19:20:18.684Z", "fetched_at": "2025-07-14T19:23:24.963541+00:00", "symbol": "DOGE-USD"}, {"trade_id": 139014870, "side": "buy", "size": "983.70000000", "price": "0.19773000", "time": "2025-07-14T19:20:18.684Z", "fetched_at": "2025-07-14T19:23:24.963541+00:00", "symbol": "DOGE-USD"}, {"trade_id": 139014869, "side": "buy", "size": "286.80000000", "price": "0.19774000", "time": "2025-07-14T19:20:18.684Z", "fetched_at": "2025-07-14T19:23:24.963541+00:00", "symbol": "DOGE-USD"}, {"trade_id": 139014868, "side": "buy", "size": "45.00000000", "price": "0.19774000", "time": "2025-07-14T19:20:18.684Z", "fetched_at": "2025-07-14T19:23:24.963541+00:00", "symbol": "DOGE-USD"}, {"trade_id": 139014867, "side": "buy", "size": "288.90000000", "price": "0.19775000", "time": "2025-07-14T19:20:18.684Z", "fetched_at": "2025-07-14T19:23:24.963541+00:00", "symbol": "DOGE-USD"}, {"trade_id": 139014866, "side": "buy", "size": "4615.40000000", "price": "0.19771000", "time": "2025-07-14T19:20:18.648817Z", "fetched_at": "2025-07-14T19:23:24.963541+00:00", "symbol": "DOGE-USD"}, {"trade_id": 139014865, "side": "buy", "size": "2316.80000000", "price": "0.19772000", "time": "2025-07-14T19:20:18.648817Z", "fetched_at": "2025-07-14T19:23:24.963541+00:00", "symbol": "DOGE-USD"}, {"trade_id": 139014864, "side": "buy", "size": "2098.40000000", "price": "0.19772000", "time": "2025-07-14T19:20:18.646580Z", "fetched_at": "2025-07-14T19:23:24.963541+00:00", "symbol": "DOGE-USD"}, {"trade_id": 139014863, "side": "buy", "size": "6932.20000000", "price": "0.19772000", "time": "2025-07-14T19:20:18.646580Z", "fetched_at": "2025-07-14T19:23:24.963541+00:00", "symbol": "DOGE-USD"}, {"trade_id": 139014862, "side": "buy", "size": "983.70000000", "price": "0.19773000", "time": "2025-07-14T19:20:18.645057Z", "fetched_at": "2025-07-14T19:23:24.963541+00:00", "symbol": "DOGE-USD"}, {"trade_id": 139014861, "side": "buy", "size": "286.80000000", "price": "0.19776000", "time": "2025-07-14T19:20:18.645057Z", "fetched_at": "2025-07-14T19:23:24.963541+00:00", "symbol": "DOGE-USD"}, {"trade_id": 139014860, "side": "buy", "size": "1193.60000000", "price": "0.19774000", "time": "2025-07-14T19:20:18.639296Z", "fetched_at": "2025-07-14T19:23:24.963541+00:00", "symbol": "DOGE-USD"}, {"trade_id": 139014859, "side": "buy", "size": "6932.20000000", "price": "0.19774000", "time": "2025-07-14T19:20:18.639296Z", "fetched_at": "2025-07-14T19:23:24.963541+00:00", "symbol": "DOGE-USD"}, {"trade_id": 139014858, "side": "buy", "size": "676.30000000", "price": "0.19775000", "time": "2025-07-14T19:20:18.638395Z", "fetched_at": "2025-07-14T19:23:24.963541+00:00", "symbol": "DOGE-USD"}, {"trade_id": 139014857, "side": "buy", "size": "133.70000000", "price": "0.19775000", "time": "2025-07-14T19:20:18.636952Z", "fetched_at": "2025-07-14T19:23:24.963541+00:00", "symbol": "DOGE-USD"}, {"trade_id": 139014856, "side": "buy", "size": "45.00000000", "price": "0.19776000", "time": "2025-07-14T19:20:18.636952Z", "fetched_at": "2025-07-14T19:23:24.963541+00:00", "symbol": "DOGE-USD"}, {"trade_id": 139014855, "side": "buy", "size": "1302.80000000", "price": "0.19777000", "time": "2025-07-14T19:20:18.636952Z", "fetched_at": "2025-07-14T19:23:24.963541+00:00", "symbol": "DOGE-USD"}, {"trade_id": 139014854, "side": "buy", "size": "1442.60000000", "price": "0.19777000", "time": "2025-07-14T19:20:18.636952Z", "fetched_at": "2025-07-14T19:23:24.963541+00:00", "symbol": "DOGE-USD"}, {"trade_id": 139014853, "side": "sell", "size": "5.60000000", "price": "0.19776000", "time": "2025-07-14T19:20:17.413055Z", "fetched_at": "2025-07-14T19:23:24.963541+00:00", "symbol": "DOGE-USD"}, {"trade_id": 139014852, "side": "sell", "size": "5.60000000", "price": "0.19774000", "time": "2025-07-14T19:20:15.540435Z", "fetched_at": "2025-07-14T19:23:24.963541+00:00", "symbol": "DOGE-USD"}, {"trade_id": 139014851, "side": "sell", "size": "5.60000000", "price": "0.19772000", "time": "2025-07-14T19:20:14.155427Z", "fetched_at": "2025-07-14T19:23:24.963541+00:00", "symbol": "DOGE-USD"}, {"trade_id": 139014850, "side": "sell", "size": "5.60000000", "price": "0.19770000", "time": "2025-07-14T19:20:14.051397Z", "fetched_at": "2025-07-14T19:23:24.963541+00:00", "symbol": "DOGE-USD"}, {"trade_id": 139014849, "side": "sell", "size": "239.90000000", "price": "0.19763000", "time": "2025-07-14T19:20:10.237662Z", "fetched_at": "2025-07-14T19:23:24.963541+00:00", "symbol": "DOGE-USD"}, {"trade_id": 139014848, "side": "sell", "size": "481.90000000", "price": "0.19763000", "time": "2025-07-14T19:20:10.167051Z", "fetched_at": "2025-07-14T19:23:24.963541+00:00", "symbol": "DOGE-USD"}, {"trade_id": 139014847, "side": "sell", "size": "9.70000000", "price": "0.19762000", "time": "2025-07-14T19:20:10.167051Z", "fetched_at": "2025-07-14T19:23:24.963541+00:00", "symbol": "DOGE-USD"}, {"trade_id": 139014846, "side": "sell", "size": "1157.40000000", "price": "0.19763000", "time": "2025-07-14T19:20:10.149343Z", "fetched_at": "2025-07-14T19:23:24.963541+00:00", "symbol": "DOGE-USD"}, {"trade_id": 139014845, "side": "sell", "size": "9.70000000", "price": "0.19761000", "time": "2025-07-14T19:20:10.149343Z", "fetched_at": "2025-07-14T19:23:24.963541+00:00", "symbol": "DOGE-USD"}, {"trade_id": 139014844, "side": "buy", "size": "13.80000000", "price": "0.19764000", "time": "2025-07-14T19:20:04.030617Z", "fetched_at": "2025-07-14T19:23:24.963541+00:00", "symbol": "DOGE-USD"}, {"trade_id": 139014843, "side": "sell", "size": "1596.50000000", "price": "0.19769000", "time": "2025-07-14T19:20:02.518485Z", "fetched_at": "2025-07-14T19:23:24.963541+00:00", "symbol": "DOGE-USD"}, {"trade_id": 139014842, "side": "sell", "size": "810.00000000", "price": "0.19769000", "time": "2025-07-14T19:20:02.518485Z", "fetched_at": "2025-07-14T19:23:24.963541+00:00", "symbol": "DOGE-USD"}, {"trade_id": 139014841, "side": "sell", "size": "5.60000000", "price": "0.19768000", "time": "2025-07-14T19:20:02.518485Z", "fetched_at": "2025-07-14T19:23:24.963541+00:00", "symbol": "DOGE-USD"}, {"trade_id": 139014840, "side": "sell", "size": "1310.80000000", "price": "0.19767000", "time": "2025-07-14T19:20:02.518485Z", "fetched_at": "2025-07-14T19:23:24.963541+00:00", "symbol": "DOGE-USD"}, {"trade_id": 139014839, "side": "sell", "size": "5.60000000", "price": "0.19766000", "time": "2025-07-14T19:20:02.518485Z", "fetched_at": "2025-07-14T19:23:24.963541+00:00", "symbol": "DOGE-USD"}, {"trade_id": 139014838, "side": "sell", "size": "1235.70000000", "price": "0.19766000", "time": "2025-07-14T19:20:02.518485Z", "fetched_at": "2025-07-14T19:23:24.963541+00:00", "symbol": "DOGE-USD"}, {"trade_id": 139014837, "side": "sell", "size": "45.10000000", "price": "0.19765000", "time": "2025-07-14T19:20:02.518485Z", "fetched_at": "2025-07-14T19:23:24.963541+00:00", "symbol": "DOGE-USD"}, {"trade_id": 139014836, "side": "sell", "size": "776.00000000", "price": "0.19756000", "time": "2025-07-14T19:19:58.751406Z", "fetched_at": "2025-07-14T19:23:24.963541+00:00", "symbol": "DOGE-USD"}, {"trade_id": 139014835, "side": "sell", "size": "65.40000000", "price": "0.19760000", "time": "2025-07-14T19:19:58.744868Z", "fetched_at": "2025-07-14T19:23:24.963541+00:00", "symbol": "DOGE-USD"}, {"trade_id": 139014834, "side": "sell", "size": "810.00000000", "price": "0.19759000", "time": "2025-07-14T19:19:58.744868Z", "fetched_at": "2025-07-14T19:23:24.963541+00:00", "symbol": "DOGE-USD"}, {"trade_id": 139014833, "side": "buy", "size": "1965.90000000", "price": "0.19756000", "time": "2025-07-14T19:19:58.739879Z", "fetched_at": "2025-07-14T19:23:24.963541+00:00", "symbol": "DOGE-USD"}, {"trade_id": 139014832, "side": "buy", "size": "810.00000000", "price": "0.19756000", "time": "2025-07-14T19:19:58.739879Z", "fetched_at": "2025-07-14T19:23:24.963541+00:00", "symbol": "DOGE-USD"}, {"trade_id": 139014831, "side": "buy", "size": "5.60000000", "price": "0.19756000", "time": "2025-07-14T19:19:58.739879Z", "fetched_at": "2025-07-14T19:23:24.963541+00:00", "symbol": "DOGE-USD"}, {"trade_id": 139014830, "side": "buy", "size": "1297.00000000", "price": "0.19757000", "time": "2025-07-14T19:19:58.739641Z", "fetched_at": "2025-07-14T19:23:24.963541+00:00", "symbol": "DOGE-USD"}, {"trade_id": 139014829, "side": "buy", "size": "983.70000000", "price": "0.19758000", "time": "2025-07-14T19:19:58.739641Z", "fetched_at": "2025-07-14T19:23:24.963541+00:00", "symbol": "DOGE-USD"}, {"trade_id": 139014828, "side": "buy", "size": "983.70000000", "price": "0.19759000", "time": "2025-07-14T19:19:58.739403Z", "fetched_at": "2025-07-14T19:23:24.963541+00:00", "symbol": "DOGE-USD"}, {"trade_id": 139014827, "side": "buy", "size": "45.10000000", "price": "0.19762000", "time": "2025-07-14T19:19:58.736897Z", "fetched_at": "2025-07-14T19:23:24.963541+00:00", "symbol": "DOGE-USD"}, {"trade_id": 139014826, "side": "buy", "size": "700.00000000", "price": "0.19762000", "time": "2025-07-14T19:19:58.736897Z", "fetched_at": "2025-07-14T19:23:24.963541+00:00", "symbol": "DOGE-USD"}, {"trade_id": 139014825, "side": "sell", "size": "11.00000000", "price": "0.19764000", "time": "2025-07-14T19:19:58.380635Z", "fetched_at": "2025-07-14T19:23:24.963541+00:00", "symbol": "DOGE-USD"}, {"trade_id": 139014824, "side": "sell", "size": "45.10000000", "price": "0.19763000", "time": "2025-07-14T19:19:58.380635Z", "fetched_at": "2025-07-14T19:23:24.963541+00:00", "symbol": "DOGE-USD"}, {"trade_id": 139014823, "side": "sell", "size": "359.70000000", "price": "0.19766000", "time": "2025-07-14T19:19:56.359805Z", "fetched_at": "2025-07-14T19:23:24.963541+00:00", "symbol": "DOGE-USD"}, {"trade_id": 139014822, "side": "sell", "size": "1087.10000000", "price": "0.19766000", "time": "2025-07-14T19:19:56.359805Z", "fetched_at": "2025-07-14T19:23:24.963541+00:00", "symbol": "DOGE-USD"}, {"trade_id": 139014821, "side": "sell", "size": "5.60000000", "price": "0.19766000", "time": "2025-07-14T19:19:56.359805Z", "fetched_at": "2025-07-14T19:23:24.963541+00:00", "symbol": "DOGE-USD"}, {"trade_id": 139014820, "side": "sell", "size": "45.10000000", "price": "0.19765000", "time": "2025-07-14T19:19:56.359805Z", "fetched_at": "2025-07-14T19:23:24.963541+00:00", "symbol": "DOGE-USD"}, {"trade_id": 139014819, "side": "sell", "size": "5.60000000", "price": "0.19764000", "time": "2025-07-14T19:19:56.359805Z", "fetched_at": "2025-07-14T19:23:24.963541+00:00", "symbol": "DOGE-USD"}, {"trade_id": 139014818, "side": "sell", "size": "360.00000000", "price": "0.19760000", "time": "2025-07-14T19:19:53.224049Z", "fetched_at": "2025-07-14T19:23:24.963541+00:00", "symbol": "DOGE-USD"}, {"trade_id": 139014817, "side": "sell", "size": "5.60000000", "price": "0.19762000", "time": "2025-07-14T19:19:50.148648Z", "fetched_at": "2025-07-14T19:23:24.963541+00:00", "symbol": "DOGE-USD"}, {"trade_id": 139014816, "side": "sell", "size": "8419.60000000", "price": "0.19761000", "time": "2025-07-14T19:19:49.909820Z", "fetched_at": "2025-07-14T19:23:24.963541+00:00", "symbol": "DOGE-USD"}, {"trade_id": 139014815, "side": "sell", "size": "18233.40000000", "price": "0.19761000", "time": "2025-07-14T19:19:49.909820Z", "fetched_at": "2025-07-14T19:23:24.963541+00:00", "symbol": "DOGE-USD"}, {"trade_id": 139014814, "side": "sell", "size": "45.10000000", "price": "0.19760000", "time": "2025-07-14T19:19:49.909820Z", "fetched_at": "2025-07-14T19:23:24.963541+00:00", "symbol": "DOGE-USD"}, {"trade_id": 139014813, "side": "buy", "size": "5.60000000", "price": "0.19758000", "time": "2025-07-14T19:19:48.403798Z", "fetched_at": "2025-07-14T19:23:24.963541+00:00", "symbol": "DOGE-USD"}, {"trade_id": 139014812, "side": "sell", "size": "219.10000000", "price": "0.19761000", "time": "2025-07-14T19:19:42.321972Z", "fetched_at": "2025-07-14T19:23:24.963541+00:00", "symbol": "DOGE-USD"}, {"trade_id": 139014811, "side": "sell", "size": "31.40000000", "price": "0.19761000", "time": "2025-07-14T19:19:42.321972Z", "fetched_at": "2025-07-14T19:23:24.963541+00:00", "symbol": "DOGE-USD"}, {"trade_id": 139014810, "side": "buy", "size": "25.30000000", "price": "0.19760000", "time": "2025-07-14T19:19:42.291930Z", "fetched_at": "2025-07-14T19:23:24.963541+00:00", "symbol": "DOGE-USD"}, {"trade_id": 139014809, "side": "sell", "size": "199.90000000", "price": "0.19764000", "time": "2025-07-14T19:19:33.004750Z", "fetched_at": "2025-07-14T19:23:24.963541+00:00", "symbol": "DOGE-USD"}, {"trade_id": 139014808, "side": "sell", "size": "5.60000000", "price": "0.19764000", "time": "2025-07-14T19:19:33.004750Z", "fetched_at": "2025-07-14T19:23:24.963541+00:00", "symbol": "DOGE-USD"}, {"trade_id": 139014807, "side": "sell", "size": "34.80000000", "price": "0.19763000", "time": "2025-07-14T19:19:33.004750Z", "fetched_at": "2025-07-14T19:23:24.963541+00:00", "symbol": "DOGE-USD"}, {"trade_id": 139014806, "side": "sell", "size": "5.60000000", "price": "0.19762000", "time": "2025-07-14T19:19:33.004750Z", "fetched_at": "2025-07-14T19:23:24.963541+00:00", "symbol": "DOGE-USD"}, {"trade_id": 139014805, "side": "sell", "size": "1494.70000000", "price": "0.19758000", "time": "2025-07-14T19:19:29.996087Z", "fetched_at": "2025-07-14T19:23:24.963541+00:00", "symbol": "DOGE-USD"}, {"trade_id": 139014804, "side": "sell", "size": "4304.40000000", "price": "0.19756000", "time": "2025-07-14T19:19:28.002129Z", "fetched_at": "2025-07-14T19:23:24.963541+00:00", "symbol": "DOGE-USD"}, {"trade_id": 139014803, "side": "sell", "size": "4495.10000000", "price": "0.19756000", "time": "2025-07-14T19:19:28.002129Z", "fetched_at": "2025-07-14T19:23:24.963541+00:00", "symbol": "DOGE-USD"}, {"trade_id": 139014802, "side": "sell", "size": "6964.20000000", "price": "0.19756000", "time": "2025-07-14T19:19:28.002129Z", "fetched_at": "2025-07-14T19:23:24.963541+00:00", "symbol": "DOGE-USD"}, {"trade_id": 139014801, "side": "sell", "size": "1277.20000000", "price": "0.19755000", "time": "2025-07-14T19:19:28.002129Z", "fetched_at": "2025-07-14T19:23:24.963541+00:00", "symbol": "DOGE-USD"}, {"trade_id": 139014800, "side": "sell", "size": "810.00000000", "price": "0.19755000", "time": "2025-07-14T19:19:28.002129Z", "fetched_at": "2025-07-14T19:23:24.963541+00:00", "symbol": "DOGE-USD"}, {"trade_id": 139014799, "side": "sell", "size": "1388.70000000", "price": "0.19755000", "time": "2025-07-14T19:19:28.002129Z", "fetched_at": "2025-07-14T19:23:24.963541+00:00", "symbol": "DOGE-USD"}, {"trade_id": 139014798, "side": "sell", "size": "500.00000000", "price": "0.19754000", "time": "2025-07-14T19:19:28.002129Z", "fetched_at": "2025-07-14T19:23:24.963541+00:00", "symbol": "DOGE-USD"}, {"trade_id": 139014797, "side": "sell", "size": "42.90000000", "price": "0.19754000", "time": "2025-07-14T19:19:28.002129Z", "fetched_at": "2025-07-14T19:23:24.963541+00:00", "symbol": "DOGE-USD"}, {"trade_id": 139014796, "side": "sell", "size": "3038.30000000", "price": "0.19753000", "time": "2025-07-14T19:19:28.002129Z", "fetched_at": "2025-07-14T19:23:24.963541+00:00", "symbol": "DOGE-USD"}, {"trade_id": 139014795, "side": "sell", "size": "1472.80000000", "price": "0.19753000", "time": "2025-07-14T19:19:28.002129Z", "fetched_at": "2025-07-14T19:23:24.963541+00:00", "symbol": "DOGE-USD"}, {"trade_id": 139014794, "side": "sell", "size": "183.00000000", "price": "0.19753000", "time": "2025-07-14T19:19:28.002129Z", "fetched_at": "2025-07-14T19:23:24.963541+00:00", "symbol": "DOGE-USD"}, {"trade_id": 139014793, "side": "sell", "size": "700.00000000", "price": "0.19753000", "time": "2025-07-14T19:19:28.002129Z", "fetched_at": "2025-07-14T19:23:24.963541+00:00", "symbol": "DOGE-USD"}, {"trade_id": 139014792, "side": "sell", "size": "1355.20000000", "price": "0.19753000", "time": "2025-07-14T19:19:28.002129Z", "fetched_at": "2025-07-14T19:23:24.963541+00:00", "symbol": "DOGE-USD"}, {"trade_id": 139014791, "side": "sell", "size": "288.90000000", "price": "0.19753000", "time": "2025-07-14T19:19:28.002129Z", "fetched_at": "2025-07-14T19:23:24.963541+00:00", "symbol": "DOGE-USD"}, {"trade_id": 139014790, "side": "buy", "size": "4986.00000000", "price": "0.19752000", "time": "2025-07-14T19:19:23.312404Z", "fetched_at": "2025-07-14T19:23:24.963541+00:00", "symbol": "DOGE-USD"}, {"trade_id": 139014789, "side": "buy", "size": "5.60000000", "price": "0.19752000", "time": "2025-07-14T19:19:23.312404Z", "fetched_at": "2025-07-14T19:23:24.963541+00:00", "symbol": "DOGE-USD"}, {"trade_id": 139014788, "side": "buy", "size": "2534.90000000", "price": "0.19753000", "time": "2025-07-14T19:19:23.312404Z", "fetched_at": "2025-07-14T19:23:24.963541+00:00", "symbol": "DOGE-USD"}, {"trade_id": 139014787, "side": "buy", "size": "45.10000000", "price": "0.19754000", "time": "2025-07-14T19:19:23.312404Z", "fetched_at": "2025-07-14T19:23:24.963541+00:00", "symbol": "DOGE-USD"}, {"trade_id": 139014786, "side": "buy", "size": "5.60000000", "price": "0.19756000", "time": "2025-07-14T19:19:23.312404Z", "fetched_at": "2025-07-14T19:23:24.963541+00:00", "symbol": "DOGE-USD"}, {"trade_id": 139014785, "side": "buy", "size": "2024.90000000", "price": "0.19757000", "time": "2025-07-14T19:19:14.618737Z", "fetched_at": "2025-07-14T19:23:24.963541+00:00", "symbol": "DOGE-USD"}, {"trade_id": 139014784, "side": "sell", "size": "288.90000000", "price": "0.19758000", "time": "2025-07-14T19:19:14.616702Z", "fetched_at": "2025-07-14T19:23:24.963541+00:00", "symbol": "DOGE-USD"}, {"trade_id": 139014783, "side": "buy", "size": "45.10000000", "price": "0.19759000", "time": "2025-07-14T19:19:14.602992Z", "fetched_at": "2025-07-14T19:23:24.963541+00:00", "symbol": "DOGE-USD"}, {"trade_id": 139014782, "side": "buy", "size": "5.60000000", "price": "0.19760000", "time": "2025-07-14T19:19:14.602992Z", "fetched_at": "2025-07-14T19:23:24.963541+00:00", "symbol": "DOGE-USD"}, {"trade_id": 139014781, "side": "buy", "size": "25.60000000", "price": "0.19771000", "time": "2025-07-14T19:19:13.378940Z", "fetched_at": "2025-07-14T19:23:24.963541+00:00", "symbol": "DOGE-USD"}, {"trade_id": 139014780, "side": "buy", "size": "183.00000000", "price": "0.19771000", "time": "2025-07-14T19:19:13.375860Z", "fetched_at": "2025-07-14T19:23:24.963541+00:00", "symbol": "DOGE-USD"}, {"trade_id": 139014779, "side": "buy", "size": "10364.30000000", "price": "0.19777000", "time": "2025-07-14T19:19:12.792912Z", "fetched_at": "2025-07-14T19:23:24.963541+00:00", "symbol": "DOGE-USD"}, {"trade_id": 139014778, "side": "buy", "size": "2768.10000000", "price": "0.19777000", "time": "2025-07-14T19:19:12.792912Z", "fetched_at": "2025-07-14T19:23:24.963541+00:00", "symbol": "DOGE-USD"}, {"trade_id": 139014777, "side": "buy", "size": "1600.20000000", "price": "0.19777000", "time": "2025-07-14T19:19:12.792912Z", "fetched_at": "2025-07-14T19:23:24.963541+00:00", "symbol": "DOGE-USD"}, {"trade_id": 139014776, "side": "buy", "size": "3725.80000000", "price": "0.19778000", "time": "2025-07-14T19:19:12.791677Z", "fetched_at": "2025-07-14T19:23:24.963541+00:00", "symbol": "DOGE-USD"}, {"trade_id": 139014775, "side": "buy", "size": "2663.00000000", "price": "0.19778000", "time": "2025-07-14T19:19:12.790105Z", "fetched_at": "2025-07-14T19:23:24.963541+00:00", "symbol": "DOGE-USD"}, {"trade_id": 139014774, "side": "buy", "size": "3495.00000000", "price": "0.19778000", "time": "2025-07-14T19:19:12.790105Z", "fetched_at": "2025-07-14T19:23:24.963541+00:00", "symbol": "DOGE-USD"}, {"trade_id": 139014773, "side": "buy", "size": "1600.20000000", "price": "0.19778000", "time": "2025-07-14T19:19:12.790105Z", "fetched_at": "2025-07-14T19:23:24.963541+00:00", "symbol": "DOGE-USD"}, {"trade_id": 139014772, "side": "buy", "size": "45.00000000", "price": "0.19779000", "time": "2025-07-14T19:19:12.790105Z", "fetched_at": "2025-07-14T19:23:24.963541+00:00", "symbol": "DOGE-USD"}, {"trade_id": 139014771, "side": "sell", "size": "15.10000000", "price": "0.19783000", "time": "2025-07-14T19:19:12.142144Z", "fetched_at": "2025-07-14T19:23:24.963541+00:00", "symbol": "DOGE-USD"}, {"trade_id": 139014770, "side": "sell", "size": "4.40000000", "price": "0.19783000", "time": "2025-07-14T19:19:11.881609Z", "fetched_at": "2025-07-14T19:23:24.963541+00:00", "symbol": "DOGE-USD"}, {"trade_id": 139014769, "side": "sell", "size": "5.60000000", "price": "0.19782000", "time": "2025-07-14T19:19:11.881609Z", "fetched_at": "2025-07-14T19:23:24.963541+00:00", "symbol": "DOGE-USD"}, {"trade_id": 139014768, "side": "sell", "size": "147.90000000", "price": "0.19781000", "time": "2025-07-14T19:19:11.334354Z", "fetched_at": "2025-07-14T19:23:24.963541+00:00", "symbol": "DOGE-USD"}, {"trade_id": 139014767, "side": "sell", "size": "5.60000000", "price": "0.19780000", "time": "2025-07-14T19:19:11.025406Z", "fetched_at": "2025-07-14T19:23:24.963541+00:00", "symbol": "DOGE-USD"}, {"trade_id": 139014766, "side": "sell", "size": "10.00000000", "price": "0.19777000", "time": "2025-07-14T19:19:10.799645Z", "fetched_at": "2025-07-14T19:23:24.963541+00:00", "symbol": "DOGE-USD"}, {"trade_id": 139014765, "side": "sell", "size": "25.10000000", "price": "0.19777000", "time": "2025-07-14T19:19:10.655624Z", "fetched_at": "2025-07-14T19:23:24.963541+00:00", "symbol": "DOGE-USD"}, {"trade_id": 139014764, "side": "sell", "size": "60.60000000", "price": "0.19781000", "time": "2025-07-14T19:19:07.736883Z", "fetched_at": "2025-07-14T19:23:24.963541+00:00", "symbol": "DOGE-USD"}, {"trade_id": 139014763, "side": "sell", "size": "5.60000000", "price": "0.19780000", "time": "2025-07-14T19:19:07.736883Z", "fetched_at": "2025-07-14T19:23:24.963541+00:00", "symbol": "DOGE-USD"}, {"trade_id": 139014762, "side": "sell", "size": "5.60000000", "price": "0.19778000", "time": "2025-07-14T19:19:04.429187Z", "fetched_at": "2025-07-14T19:23:24.963541+00:00", "symbol": "DOGE-USD"}, {"trade_id": 139014761, "side": "sell", "size": "202.60000000", "price": "0.19776000", "time": "2025-07-14T19:19:03.661741Z", "fetched_at": "2025-07-14T19:23:24.963541+00:00", "symbol": "DOGE-USD"}, {"trade_id": 139014760, "side": "sell", "size": "288.90000000", "price": "0.19775000", "time": "2025-07-14T19:19:03.661741Z", "fetched_at": "2025-07-14T19:23:24.963541+00:00", "symbol": "DOGE-USD"}, {"trade_id": 139014759, "side": "buy", "size": "4457.00000000", "price": "0.19773000", "time": "2025-07-14T19:19:03.505179Z", "fetched_at": "2025-07-14T19:23:24.963541+00:00", "symbol": "DOGE-USD"}, {"trade_id": 139014758, "side": "buy", "size": "1600.20000000", "price": "0.19773000", "time": "2025-07-14T19:19:03.505179Z", "fetched_at": "2025-07-14T19:23:24.963541+00:00", "symbol": "DOGE-USD"}, {"trade_id": 139014757, "side": "buy", "size": "983.70000000", "price": "0.19774000", "time": "2025-07-14T19:19:03.505179Z", "fetched_at": "2025-07-14T19:23:24.963541+00:00", "symbol": "DOGE-USD"}, {"trade_id": 139014756, "side": "buy", "size": "11263.10000000", "price": "0.19774000", "time": "2025-07-14T19:19:03.505179Z", "fetched_at": "2025-07-14T19:23:24.963541+00:00", "symbol": "DOGE-USD"}, {"trade_id": 139014755, "side": "buy", "size": "6972.60000000", "price": "0.19774000", "time": "2025-07-14T19:19:03.505179Z", "fetched_at": "2025-07-14T19:23:24.963541+00:00", "symbol": "DOGE-USD"}, {"trade_id": 139014754, "side": "buy", "size": "2583.40000000", "price": "0.19774000", "time": "2025-07-14T19:19:03.505179Z", "fetched_at": "2025-07-14T19:23:24.963541+00:00", "symbol": "DOGE-USD"}, {"trade_id": 139014753, "side": "buy", "size": "1600.20000000", "price": "0.19774000", "time": "2025-07-14T19:19:03.505179Z", "fetched_at": "2025-07-14T19:23:24.963541+00:00", "symbol": "DOGE-USD"}, {"trade_id": 139014752, "side": "buy", "size": "3659.60000000", "price": "0.19775000", "time": "2025-07-14T19:19:03.505179Z", "fetched_at": "2025-07-14T19:23:24.963541+00:00", "symbol": "DOGE-USD"}, {"trade_id": 139014751, "side": "buy", "size": "1600.20000000", "price": "0.19775000", "time": "2025-07-14T19:19:03.505179Z", "fetched_at": "2025-07-14T19:23:24.963541+00:00", "symbol": "DOGE-USD"}, {"trade_id": 139014750, "side": "buy", "size": "700.00000000", "price": "0.19776000", "time": "2025-07-14T19:19:03.505179Z", "fetched_at": "2025-07-14T19:23:24.963541+00:00", "symbol": "DOGE-USD"}, {"trade_id": 139014749, "side": "buy", "size": "12.70000000", "price": "0.19776000", "time": "2025-07-14T19:19:03.505179Z", "fetched_at": "2025-07-14T19:23:24.963541+00:00", "symbol": "DOGE-USD"}, {"trade_id": 139014748, "side": "sell", "size": "18230.80000000", "price": "0.19778000", "time": "2025-07-14T19:19:01.775341Z", "fetched_at": "2025-07-14T19:23:24.963541+00:00", "symbol": "DOGE-USD"}, {"trade_id": 139014747, "side": "sell", "size": "45.10000000", "price": "0.19777000", "time": "2025-07-14T19:19:01.750168Z", "fetched_at": "2025-07-14T19:23:24.963541+00:00", "symbol": "DOGE-USD"}, {"trade_id": 139014746, "side": "sell", "size": "5.60000000", "price": "0.19774000", "time": "2025-07-14T19:19:01.426140Z", "fetched_at": "2025-07-14T19:23:24.963541+00:00", "symbol": "DOGE-USD"}, {"trade_id": 139014745, "side": "sell", "size": "288.90000000", "price": "0.19769000", "time": "2025-07-14T19:18:59.810213Z", "fetched_at": "2025-07-14T19:23:24.963541+00:00", "symbol": "DOGE-USD"}, {"trade_id": 139014744, "side": "sell", "size": "5125.00000000", "price": "0.19778000", "time": "2025-07-14T19:18:59.225368Z", "fetched_at": "2025-07-14T19:23:24.963541+00:00", "symbol": "DOGE-USD"}, {"trade_id": 139014743, "side": "sell", "size": "3858.40000000", "price": "0.19778000", "time": "2025-07-14T19:18:59.225368Z", "fetched_at": "2025-07-14T19:23:24.963541+00:00", "symbol": "DOGE-USD"}, {"trade_id": 139014742, "side": "sell", "size": "2574.50000000", "price": "0.19778000", "time": "2025-07-14T19:18:59.225368Z", "fetched_at": "2025-07-14T19:23:24.963541+00:00", "symbol": "DOGE-USD"}, {"trade_id": 139014741, "side": "sell", "size": "5.60000000", "price": "0.19778000", "time": "2025-07-14T19:18:59.225368Z", "fetched_at": "2025-07-14T19:23:24.963541+00:00", "symbol": "DOGE-USD"}, {"trade_id": 139014740, "side": "sell", "size": "1600.20000000", "price": "0.19778000", "time": "2025-07-14T19:18:59.225368Z", "fetched_at": "2025-07-14T19:23:24.963541+00:00", "symbol": "DOGE-USD"}, {"trade_id": 139014739, "side": "sell", "size": "700.00000000", "price": "0.19777000", "time": "2025-07-14T19:18:59.225368Z", "fetched_at": "2025-07-14T19:23:24.963541+00:00", "symbol": "DOGE-USD"}, {"trade_id": 139014738, "side": "sell", "size": "45.00000000", "price": "0.19777000", "time": "2025-07-14T19:18:59.225368Z", "fetched_at": "2025-07-14T19:23:24.963541+00:00", "symbol": "DOGE-USD"}, {"trade_id": 139014737, "side": "sell", "size": "5.60000000", "price": "0.19776000", "time": "2025-07-14T19:18:59.225368Z", "fetched_at": "2025-07-14T19:23:24.963541+00:00", "symbol": "DOGE-USD"}, {"trade_id": 139014736, "side": "sell", "size": "478.80000000", "price": "0.19776000", "time": "2025-07-14T19:18:59.225368Z", "fetched_at": "2025-07-14T19:23:24.963541+00:00", "symbol": "DOGE-USD"}, {"trade_id": 139014735, "side": "buy", "size": "23.90000000", "price": "0.19772000", "time": "2025-07-14T19:18:57.874604Z", "fetched_at": "2025-07-14T19:23:24.963541+00:00", "symbol": "DOGE-USD"}, {"trade_id": 139014734, "side": "buy", "size": "18.00000000", "price": "0.19773000", "time": "2025-07-14T19:18:57.874604Z", "fetched_at": "2025-07-14T19:23:24.963541+00:00", "symbol": "DOGE-USD"}, {"trade_id": 139014733, "side": "sell", "size": "48.80000000", "price": "0.19776000", "time": "2025-07-14T19:18:55.274958Z", "fetched_at": "2025-07-14T19:23:24.963541+00:00", "symbol": "DOGE-USD"}, {"trade_id": 139014732, "side": "sell", "size": "5.60000000", "price": "0.19774000", "time": "2025-07-14T19:18:54.461658Z", "fetched_at": "2025-07-14T19:23:24.963541+00:00", "symbol": "DOGE-USD"}, {"trade_id": 139014731, "side": "sell", "size": "3.10000000", "price": "0.19772000", "time": "2025-07-14T19:18:53.226927Z", "fetched_at": "2025-07-14T19:23:24.963541+00:00", "symbol": "DOGE-USD"}, {"trade_id": 139014730, "side": "sell", "size": "2.50000000", "price": "0.19772000", "time": "2025-07-14T19:18:49.712676Z", "fetched_at": "2025-07-14T19:23:24.963541+00:00", "symbol": "DOGE-USD"}, {"trade_id": 139014729, "side": "sell", "size": "42.00000000", "price": "0.19771000", "time": "2025-07-14T19:18:49.712676Z", "fetched_at": "2025-07-14T19:23:24.963541+00:00", "symbol": "DOGE-USD"}, {"trade_id": 139014728, "side": "sell", "size": "5.60000000", "price": "0.19770000", "time": "2025-07-14T19:18:49.712676Z", "fetched_at": "2025-07-14T19:23:24.963541+00:00", "symbol": "DOGE-USD"}, {"trade_id": 139014727, "side": "buy", "size": "15.60000000", "price": "0.19764000", "time": "2025-07-14T19:18:45.961595Z", "fetched_at": "2025-07-14T19:23:24.963541+00:00", "symbol": "DOGE-USD"}, {"trade_id": 139014726, "side": "buy", "size": "45.10000000", "price": "0.19765000", "time": "2025-07-14T19:18:45.961595Z", "fetched_at": "2025-07-14T19:23:24.963541+00:00", "symbol": "DOGE-USD"}, {"trade_id": 139014725, "side": "buy", "size": "71.60000000", "price": "0.19763000", "time": "2025-07-14T19:18:43.221470Z", "fetched_at": "2025-07-14T19:23:24.963541+00:00", "symbol": "DOGE-USD"}, {"trade_id": 139014724, "side": "buy", "size": "45.10000000", "price": "0.19764000", "time": "2025-07-14T19:18:43.221470Z", "fetched_at": "2025-07-14T19:23:24.963541+00:00", "symbol": "DOGE-USD"}, {"trade_id": 139014723, "side": "buy", "size": "5.60000000", "price": "0.19766000", "time": "2025-07-14T19:18:43.221470Z", "fetched_at": "2025-07-14T19:23:24.963541+00:00", "symbol": "DOGE-USD"}, {"trade_id": 139014722, "side": "buy", "size": "38.20000000", "price": "0.19767000", "time": "2025-07-14T19:18:41.584023Z", "fetched_at": "2025-07-14T19:23:24.963541+00:00", "symbol": "DOGE-USD"}, {"trade_id": 139014721, "side": "buy", "size": "5.60000000", "price": "0.19768000", "time": "2025-07-14T19:18:41.584023Z", "fetched_at": "2025-07-14T19:23:24.963541+00:00", "symbol": "DOGE-USD"}, {"trade_id": 139014720, "side": "buy", "size": "5.60000000", "price": "0.19770000", "time": "2025-07-14T19:18:41.584023Z", "fetched_at": "2025-07-14T19:23:24.963541+00:00", "symbol": "DOGE-USD"}, {"trade_id": 139014719, "side": "buy", "size": "5.60000000", "price": "0.19772000", "time": "2025-07-14T19:18:40.838423Z", "fetched_at": "2025-07-14T19:23:24.963541+00:00", "symbol": "DOGE-USD"}, {"trade_id": 139014718, "side": "buy", "size": "5.60000000", "price": "0.19774000", "time": "2025-07-14T19:18:40.693183Z", "fetched_at": "2025-07-14T19:23:24.963541+00:00", "symbol": "DOGE-USD"}, {"trade_id": 139014717, "side": "buy", "size": "5.60000000", "price": "0.19776000", "time": "2025-07-14T19:18:40.609439Z", "fetched_at": "2025-07-14T19:23:24.963541+00:00", "symbol": "DOGE-USD"}, {"trade_id": 139014716, "side": "buy", "size": "48059.80000000", "price": "0.19777000", "time": "2025-07-14T19:18:40.410187Z", "fetched_at": "2025-07-14T19:23:24.963541+00:00", "symbol": "DOGE-USD"}, {"trade_id": 139014715, "side": "buy", "size": "51940.20000000", "price": "0.19777000", "time": "2025-07-14T19:18:40.410080Z", "fetched_at": "2025-07-14T19:23:24.963541+00:00", "symbol": "DOGE-USD"}, {"trade_id": 139014714, "side": "buy", "size": "6520.20000000", "price": "0.19778000", "time": "2025-07-14T19:18:33.947392Z", "fetched_at": "2025-07-14T19:23:24.963541+00:00", "symbol": "DOGE-USD"}, {"trade_id": 139014713, "side": "buy", "size": "1600.20000000", "price": "0.19778000", "time": "2025-07-14T19:18:33.947392Z", "fetched_at": "2025-07-14T19:23:24.963541+00:00", "symbol": "DOGE-USD"}, {"trade_id": 139014712, "side": "buy", "size": "5.60000000", "price": "0.19778000", "time": "2025-07-14T19:18:33.947392Z", "fetched_at": "2025-07-14T19:23:24.963541+00:00", "symbol": "DOGE-USD"}, {"trade_id": 139014711, "side": "buy", "size": "2409.00000000", "price": "0.19779000", "time": "2025-07-14T19:18:33.947392Z", "fetched_at": "2025-07-14T19:23:24.963541+00:00", "symbol": "DOGE-USD"}, {"trade_id": 139014710, "side": "buy", "size": "2410.00000000", "price": "0.19779000", "time": "2025-07-14T19:18:33.947392Z", "fetched_at": "2025-07-14T19:23:24.963541+00:00", "symbol": "DOGE-USD"}, {"trade_id": 139014709, "side": "buy", "size": "1600.20000000", "price": "0.19779000", "time": "2025-07-14T19:18:33.947392Z", "fetched_at": "2025-07-14T19:23:24.963541+00:00", "symbol": "DOGE-USD"}, {"trade_id": 139014708, "side": "buy", "size": "679.30000000", "price": "0.19780000", "time": "2025-07-14T19:18:33.947392Z", "fetched_at": "2025-07-14T19:23:24.963541+00:00", "symbol": "DOGE-USD"}, {"trade_id": 139014707, "side": "buy", "size": "45.00000000", "price": "0.19780000", "time": "2025-07-14T19:18:33.947392Z", "fetched_at": "2025-07-14T19:23:24.963541+00:00", "symbol": "DOGE-USD"}, {"trade_id": 139014706, "side": "buy", "size": "1411.50000000", "price": "0.19780000", "time": "2025-07-14T19:18:33.947392Z", "fetched_at": "2025-07-14T19:23:24.963541+00:00", "symbol": "DOGE-USD"}, {"trade_id": 139014705, "side": "buy", "size": "30.70000000", "price": "0.19780000", "time": "2025-07-14T19:18:31.541733Z", "fetched_at": "2025-07-14T19:23:24.963541+00:00", "symbol": "DOGE-USD"}, {"trade_id": 139014704, "side": "buy", "size": "45.00000000", "price": "0.19780000", "time": "2025-07-14T19:18:31.541733Z", "fetched_at": "2025-07-14T19:23:24.963541+00:00", "symbol": "DOGE-USD"}, {"trade_id": 139014703, "side": "buy", "size": "556.20000000", "price": "0.19780000", "time": "2025-07-14T19:18:31.541733Z", "fetched_at": "2025-07-14T19:23:24.963541+00:00", "symbol": "DOGE-USD"}, {"trade_id": 139014702, "side": "buy", "size": "123.50000000", "price": "0.19780000", "time": "2025-07-14T19:18:26.038887Z", "fetched_at": "2025-07-14T19:23:24.963541+00:00", "symbol": "DOGE-USD"}, {"trade_id": 139014701, "side": "buy", "size": "5.60000000", "price": "0.19780000", "time": "2025-07-14T19:18:26.038887Z", "fetched_at": "2025-07-14T19:23:24.963541+00:00", "symbol": "DOGE-USD"}, {"trade_id": 139014700, "side": "buy", "size": "5.60000000", "price": "0.19782000", "time": "2025-07-14T19:18:26.038887Z", "fetched_at": "2025-07-14T19:23:24.963541+00:00", "symbol": "DOGE-USD"}, {"trade_id": 139014699, "side": "sell", "size": "98.60000000", "price": "0.19783000", "time": "2025-07-14T19:18:25.309803Z", "fetched_at": "2025-07-14T19:23:24.963541+00:00", "symbol": "DOGE-USD"}, {"trade_id": 139014698, "side": "sell", "size": "203.30000000", "price": "0.19785000", "time": "2025-07-14T19:18:20.476042Z", "fetched_at": "2025-07-14T19:23:24.963541+00:00", "symbol": "DOGE-USD"}, {"trade_id": 139014697, "side": "buy", "size": "192.90000000", "price": "0.19782000", "time": "2025-07-14T19:18:15.648483Z", "fetched_at": "2025-07-14T19:23:24.963541+00:00", "symbol": "DOGE-USD"}, {"trade_id": 139014696, "side": "buy", "size": "5.60000000", "price": "0.19782000", "time": "2025-07-14T19:18:15.648483Z", "fetched_at": "2025-07-14T19:23:24.963541+00:00", "symbol": "DOGE-USD"}, {"trade_id": 139014695, "side": "buy", "size": "45.00000000", "price": "0.19783000", "time": "2025-07-14T19:18:15.648483Z", "fetched_at": "2025-07-14T19:23:24.963541+00:00", "symbol": "DOGE-USD"}, {"trade_id": 139014694, "side": "buy", "size": "5.60000000", "price": "0.19784000", "time": "2025-07-14T19:18:15.648483Z", "fetched_at": "2025-07-14T19:23:24.963541+00:00", "symbol": "DOGE-USD"}, {"trade_id": 139014693, "side": "buy", "size": "545.60000000", "price": "0.19787000", "time": "2025-07-14T19:18:14.982304Z", "fetched_at": "2025-07-14T19:23:24.963541+00:00", "symbol": "DOGE-USD"}, {"trade_id": 139014692, "side": "buy", "size": "1038.50000000", "price": "0.19788000", "time": "2025-07-14T19:18:09.387370Z", "fetched_at": "2025-07-14T19:23:24.963541+00:00", "symbol": "DOGE-USD"}, {"trade_id": 139014691, "side": "buy", "size": "5.60000000", "price": "0.19788000", "time": "2025-07-14T19:18:09.387370Z", "fetched_at": "2025-07-14T19:23:24.963541+00:00", "symbol": "DOGE-USD"}, {"trade_id": 139014690, "side": "buy", "size": "45.00000000", "price": "0.19789000", "time": "2025-07-14T19:18:09.387370Z", "fetched_at": "2025-07-14T19:23:24.963541+00:00", "symbol": "DOGE-USD"}, {"trade_id": 139014689, "side": "sell", "size": "1342.50000000", "price": "0.19789000", "time": "2025-07-14T19:18:08.202147Z", "fetched_at": "2025-07-14T19:23:24.963541+00:00", "symbol": "DOGE-USD"}, {"trade_id": 139014688, "side": "sell", "size": "1532.70000000", "price": "0.19789000", "time": "2025-07-14T19:18:08.202147Z", "fetched_at": "2025-07-14T19:23:24.963541+00:00", "symbol": "DOGE-USD"}, {"trade_id": 139014687, "side": "buy", "size": "807.00000000", "price": "0.19801000", "time": "2025-07-14T19:18:04.319338Z", "fetched_at": "2025-07-14T19:23:24.963541+00:00", "symbol": "DOGE-USD"}, {"trade_id": 139014686, "side": "buy", "size": "45.00000000", "price": "0.19802000", "time": "2025-07-14T19:18:04.319338Z", "fetched_at": "2025-07-14T19:23:24.963541+00:00", "symbol": "DOGE-USD"}, {"trade_id": 139014685, "side": "sell", "size": "5.60000000", "price": "0.19802000", "time": "2025-07-14T19:18:03.309840Z", "fetched_at": "2025-07-14T19:23:24.963541+00:00", "symbol": "DOGE-USD"}, {"trade_id": 139014684, "side": "sell", "size": "183.00000000", "price": "0.19800000", "time": "2025-07-14T19:18:02.895197Z", "fetched_at": "2025-07-14T19:23:24.963541+00:00", "symbol": "DOGE-USD"}, {"trade_id": 139014683, "side": "sell", "size": "234.20000000", "price": "0.19800000", "time": "2025-07-14T19:18:02.894549Z", "fetched_at": "2025-07-14T19:23:24.963541+00:00", "symbol": "DOGE-USD"}, {"trade_id": 139014682, "side": "sell", "size": "206.30000000", "price": "0.19800000", "time": "2025-07-14T19:18:02.886680Z", "fetched_at": "2025-07-14T19:23:24.963541+00:00", "symbol": "DOGE-USD"}, {"trade_id": 139014681, "side": "sell", "size": "1932.90000000", "price": "0.19800000", "time": "2025-07-14T19:18:02.886680Z", "fetched_at": "2025-07-14T19:23:24.963541+00:00", "symbol": "DOGE-USD"}, {"trade_id": 139014680, "side": "sell", "size": "1364.70000000", "price": "0.19800000", "time": "2025-07-14T19:18:02.886680Z", "fetched_at": "2025-07-14T19:23:24.963541+00:00", "symbol": "DOGE-USD"}, {"trade_id": 139014679, "side": "sell", "size": "5.60000000", "price": "0.19800000", "time": "2025-07-14T19:18:02.886680Z", "fetched_at": "2025-07-14T19:23:24.963541+00:00", "symbol": "DOGE-USD"}, {"trade_id": 139014678, "side": "sell", "size": "7182.10000000", "price": "0.19799000", "time": "2025-07-14T19:18:02.883919Z", "fetched_at": "2025-07-14T19:23:24.963541+00:00", "symbol": "DOGE-USD"}, {"trade_id": 139014677, "side": "sell", "size": "3457.20000000", "price": "0.19799000", "time": "2025-07-14T19:18:02.883919Z", "fetched_at": "2025-07-14T19:23:24.963541+00:00", "symbol": "DOGE-USD"}, {"trade_id": 139014676, "side": "sell", "size": "2213.30000000", "price": "0.19799000", "time": "2025-07-14T19:18:02.883466Z", "fetched_at": "2025-07-14T19:23:24.963541+00:00", "symbol": "DOGE-USD"}, {"trade_id": 139014675, "side": "sell", "size": "2407.40000000", "price": "0.19799000", "time": "2025-07-14T19:18:02.883466Z", "fetched_at": "2025-07-14T19:23:24.963541+00:00", "symbol": "DOGE-USD"}, {"trade_id": 139014674, "side": "sell", "size": "2437.30000000", "price": "0.19799000", "time": "2025-07-14T19:18:02.883466Z", "fetched_at": "2025-07-14T19:23:24.963541+00:00", "symbol": "DOGE-USD"}, {"trade_id": 139014673, "side": "sell", "size": "1600.20000000", "price": "0.19799000", "time": "2025-07-14T19:18:02.883466Z", "fetched_at": "2025-07-14T19:23:24.963541+00:00", "symbol": "DOGE-USD"}, {"trade_id": 139014672, "side": "sell", "size": "700.00000000", "price": "0.19798000", "time": "2025-07-14T19:18:02.883466Z", "fetched_at": "2025-07-14T19:23:24.963541+00:00", "symbol": "DOGE-USD"}, {"trade_id": 139014671, "side": "sell", "size": "36.60000000", "price": "0.19798000", "time": "2025-07-14T19:18:02.883466Z", "fetched_at": "2025-07-14T19:23:24.963541+00:00", "symbol": "DOGE-USD"}, {"trade_id": 139014670, "side": "sell", "size": "5.60000000", "price": "0.19798000", "time": "2025-07-14T19:18:02.883466Z", "fetched_at": "2025-07-14T19:23:24.963541+00:00", "symbol": "DOGE-USD"}, {"trade_id": 139014669, "side": "sell", "size": "5.60000000", "price": "0.19796000", "time": "2025-07-14T19:18:02.883466Z", "fetched_at": "2025-07-14T19:23:24.963541+00:00", "symbol": "DOGE-USD"}, {"trade_id": 139014668, "side": "sell", "size": "33.60000000", "price": "0.19790000", "time": "2025-07-14T19:18:01.289036Z", "fetched_at": "2025-07-14T19:23:24.963541+00:00", "symbol": "DOGE-USD"}, {"trade_id": 139014667, "side": "buy", "size": "18233.60000000", "price": "0.19790000", "time": "2025-07-14T19:18:00.908821Z", "fetched_at": "2025-07-14T19:23:24.963541+00:00", "symbol": "DOGE-USD"}, {"trade_id": 139014666, "side": "buy", "size": "432.40000000", "price": "0.19792000", "time": "2025-07-14T19:18:00.904488Z", "fetched_at": "2025-07-14T19:23:24.963541+00:00", "symbol": "DOGE-USD"}, {"trade_id": 139014665, "side": "buy", "size": "253.20000000", "price": "0.19792000", "time": "2025-07-14T19:18:00.234571Z", "fetched_at": "2025-07-14T19:23:24.963541+00:00", "symbol": "DOGE-USD"}, {"trade_id": 139014664, "side": "buy", "size": "45.00000000", "price": "0.19793000", "time": "2025-07-14T19:18:00.234571Z", "fetched_at": "2025-07-14T19:23:24.963541+00:00", "symbol": "DOGE-USD"}, {"trade_id": 139014663, "side": "buy", "size": "23.30000000", "price": "0.19793000", "time": "2025-07-14T19:17:58.870401Z", "fetched_at": "2025-07-14T19:23:24.963541+00:00", "symbol": "DOGE-USD"}, {"trade_id": 139014662, "side": "sell", "size": "5.60000000", "price": "0.19794000", "time": "2025-07-14T19:17:58.123312Z", "fetched_at": "2025-07-14T19:23:24.963541+00:00", "symbol": "DOGE-USD"}, {"trade_id": 139014661, "side": "sell", "size": "5.60000000", "price": "0.19792000", "time": "2025-07-14T19:17:58.051424Z", "fetched_at": "2025-07-14T19:23:24.963541+00:00", "symbol": "DOGE-USD"}, {"trade_id": 139014660, "side": "buy", "size": "418.40000000", "price": "0.19791000", "time": "2025-07-14T19:17:57.861604Z", "fetched_at": "2025-07-14T19:23:24.963541+00:00", "symbol": "DOGE-USD"}, {"trade_id": 139014659, "side": "buy", "size": "286.80000000", "price": "0.19791000", "time": "2025-07-14T19:17:57.861604Z", "fetched_at": "2025-07-14T19:23:24.963541+00:00", "symbol": "DOGE-USD"}, {"trade_id": 139014658, "side": "sell", "size": "5.60000000", "price": "0.19790000", "time": "2025-07-14T19:17:57.712096Z", "fetched_at": "2025-07-14T19:23:24.963541+00:00", "symbol": "DOGE-USD"}, {"trade_id": 139014657, "side": "sell", "size": "18235.40000000", "price": "0.19789000", "time": "2025-07-14T19:17:57.632617Z", "fetched_at": "2025-07-14T19:23:24.963541+00:00", "symbol": "DOGE-USD"}, {"trade_id": 139014656, "side": "sell", "size": "5.60000000", "price": "0.19788000", "time": "2025-07-14T19:17:57.632617Z", "fetched_at": "2025-07-14T19:23:24.963541+00:00", "symbol": "DOGE-USD"}, {"trade_id": 139014655, "side": "sell", "size": "5.60000000", "price": "0.19786000", "time": "2025-07-14T19:17:57.487389Z", "fetched_at": "2025-07-14T19:23:24.963541+00:00", "symbol": "DOGE-USD"}, {"trade_id": 139014654, "side": "buy", "size": "402.40000000", "price": "0.19782000", "time": "2025-07-14T19:17:55.200750Z", "fetched_at": "2025-07-14T19:23:24.963541+00:00", "symbol": "DOGE-USD"}, {"trade_id": 139014653, "side": "buy", "size": "45.00000000", "price": "0.19783000", "time": "2025-07-14T19:17:55.200750Z", "fetched_at": "2025-07-14T19:23:24.963541+00:00", "symbol": "DOGE-USD"}, {"trade_id": 139014652, "side": "sell", "size": "5.60000000", "price": "0.19784000", "time": "2025-07-14T19:17:53.469620Z", "fetched_at": "2025-07-14T19:23:24.963541+00:00", "symbol": "DOGE-USD"}, {"trade_id": 139014651, "side": "sell", "size": "3.80000000", "price": "0.19782000", "time": "2025-07-14T19:17:50.769289Z", "fetched_at": "2025-07-14T19:23:24.963541+00:00", "symbol": "DOGE-USD"}, {"trade_id": 139014650, "side": "sell", "size": "79.20000000", "price": "0.19781000", "time": "2025-07-14T19:17:49.956065Z", "fetched_at": "2025-07-14T19:23:24.963541+00:00", "symbol": "DOGE-USD"}, {"trade_id": 139014649, "side": "sell", "size": "10.10000000", "price": "0.19779000", "time": "2025-07-14T19:17:47.917388Z", "fetched_at": "2025-07-14T19:23:24.963541+00:00", "symbol": "DOGE-USD"}, {"trade_id": 139014648, "side": "buy", "size": "1600.20000000", "price": "0.19780000", "time": "2025-07-14T19:17:46.580869Z", "fetched_at": "2025-07-14T19:23:24.963541+00:00", "symbol": "DOGE-USD"}, {"trade_id": 139014647, "side": "buy", "size": "18238.60000000", "price": "0.19780000", "time": "2025-07-14T19:17:46.580869Z", "fetched_at": "2025-07-14T19:23:24.963541+00:00", "symbol": "DOGE-USD"}, {"trade_id": 139014646, "side": "buy", "size": "45.00000000", "price": "0.19781000", "time": "2025-07-14T19:17:46.580869Z", "fetched_at": "2025-07-14T19:23:24.963541+00:00", "symbol": "DOGE-USD"}, {"trade_id": 139014645, "side": "sell", "size": "5.60000000", "price": "0.19782000", "time": "2025-07-14T19:17:42.306073Z", "fetched_at": "2025-07-14T19:23:24.963541+00:00", "symbol": "DOGE-USD"}, {"trade_id": 139014644, "side": "sell", "size": "9.70000000", "price": "0.19780000", "time": "2025-07-14T19:17:36.539313Z", "fetched_at": "2025-07-14T19:23:24.963541+00:00", "symbol": "DOGE-USD"}, {"trade_id": 139014643, "side": "buy", "size": "45.00000000", "price": "0.19778000", "time": "2025-07-14T19:17:33.187391Z", "fetched_at": "2025-07-14T19:23:24.963541+00:00", "symbol": "DOGE-USD"}, {"trade_id": 139014642, "side": "buy", "size": "100.00000000", "price": "0.19778000", "time": "2025-07-14T19:17:33.187391Z", "fetched_at": "2025-07-14T19:23:24.963541+00:00", "symbol": "DOGE-USD"}, {"trade_id": 139014641, "side": "buy", "size": "11.10000000", "price": "0.19781000", "time": "2025-07-14T19:17:30.823542Z", "fetched_at": "2025-07-14T19:23:24.963541+00:00", "symbol": "DOGE-USD"}, {"trade_id": 139014640, "side": "buy", "size": "53.30000000", "price": "0.19781000", "time": "2025-07-14T19:17:30.647158Z", "fetched_at": "2025-07-14T19:23:24.963541+00:00", "symbol": "DOGE-USD"}, {"trade_id": 139014639, "side": "sell", "size": "100.30000000", "price": "0.19779000", "time": "2025-07-14T19:17:27.945133Z", "fetched_at": "2025-07-14T19:23:24.963541+00:00", "symbol": "DOGE-USD"}, {"trade_id": 139014638, "side": "sell", "size": "69.00000000", "price": "0.19782000", "time": "2025-07-14T19:17:26.481378Z", "fetched_at": "2025-07-14T19:23:24.963541+00:00", "symbol": "DOGE-USD"}, {"trade_id": 139014637, "side": "sell", "size": "5.60000000", "price": "0.19782000", "time": "2025-07-14T19:17:26.481378Z", "fetched_at": "2025-07-14T19:23:24.963541+00:00", "symbol": "DOGE-USD"}, {"trade_id": 139014636, "side": "sell", "size": "1184.30000000", "price": "0.19781000", "time": "2025-07-14T19:17:24.467312Z", "fetched_at": "2025-07-14T19:23:24.963541+00:00", "symbol": "DOGE-USD"}, {"trade_id": 139014635, "side": "buy", "size": "193.90000000", "price": "0.19778000", "time": "2025-07-14T19:17:24.054102Z", "fetched_at": "2025-07-14T19:23:24.963541+00:00", "symbol": "DOGE-USD"}, {"trade_id": 139014634, "side": "buy", "size": "45.00000000", "price": "0.19779000", "time": "2025-07-14T19:17:24.054102Z", "fetched_at": "2025-07-14T19:23:24.963541+00:00", "symbol": "DOGE-USD"}, {"trade_id": 139014633, "side": "buy", "size": "54.80000000", "price": "0.19779000", "time": "2025-07-14T19:17:23.908888Z", "fetched_at": "2025-07-14T19:23:24.963541+00:00", "symbol": "DOGE-USD"}, {"trade_id": 139014632, "side": "buy", "size": "1600.20000000", "price": "0.19779000", "time": "2025-07-14T19:17:23.908888Z", "fetched_at": "2025-07-14T19:23:24.963541+00:00", "symbol": "DOGE-USD"}, {"trade_id": 139014631, "side": "buy", "size": "45.00000000", "price": "0.19780000", "time": "2025-07-14T19:17:23.908888Z", "fetched_at": "2025-07-14T19:23:24.963541+00:00", "symbol": "DOGE-USD"}, {"trade_id": 139014630, "side": "sell", "size": "5.60000000", "price": "0.19780000", "time": "2025-07-14T19:17:23.079248Z", "fetched_at": "2025-07-14T19:23:24.963541+00:00", "symbol": "DOGE-USD"}, {"trade_id": 139014629, "side": "sell", "size": "5.60000000", "price": "0.19778000", "time": "2025-07-14T19:17:22.645381Z", "fetched_at": "2025-07-14T19:23:24.963541+00:00", "symbol": "DOGE-USD"}, {"trade_id": 139014628, "side": "sell", "size": "5.60000000", "price": "0.19776000", "time": "2025-07-14T19:17:22.373321Z", "fetched_at": "2025-07-14T19:23:24.963541+00:00", "symbol": "DOGE-USD"}, {"trade_id": 139014627, "side": "sell", "size": "62.70000000", "price": "0.19775000", "time": "2025-07-14T19:17:22.363395Z", "fetched_at": "2025-07-14T19:23:24.963541+00:00", "symbol": "DOGE-USD"}, {"trade_id": 139014626, "side": "sell", "size": "5.60000000", "price": "0.19774000", "time": "2025-07-14T19:17:22.150404Z", "fetched_at": "2025-07-14T19:23:24.963541+00:00", "symbol": "DOGE-USD"}, {"trade_id": 139014625, "side": "sell", "size": "5.60000000", "price": "0.19772000", "time": "2025-07-14T19:17:22.025198Z", "fetched_at": "2025-07-14T19:23:24.963541+00:00", "symbol": "DOGE-USD"}, {"trade_id": 139014624, "side": "sell", "size": "6383.80000000", "price": "0.19772000", "time": "2025-07-14T19:17:22.025198Z", "fetched_at": "2025-07-14T19:23:24.963541+00:00", "symbol": "DOGE-USD"}, {"trade_id": 139014623, "side": "buy", "size": "101.20000000", "price": "0.19767000", "time": "2025-07-14T19:17:19.587582Z", "fetched_at": "2025-07-14T19:23:24.963541+00:00", "symbol": "DOGE-USD"}, {"trade_id": 139014622, "side": "buy", "size": "912.20000000", "price": "0.19768000", "time": "2025-07-14T19:17:16.850056Z", "fetched_at": "2025-07-14T19:23:24.963541+00:00", "symbol": "DOGE-USD"}, {"trade_id": 139014621, "side": "buy", "size": "5.60000000", "price": "0.19768000", "time": "2025-07-14T19:17:16.850056Z", "fetched_at": "2025-07-14T19:23:24.963541+00:00", "symbol": "DOGE-USD"}, {"trade_id": 139014620, "side": "buy", "size": "297.50000000", "price": "0.19771000", "time": "2025-07-14T19:17:13.168445Z", "fetched_at": "2025-07-14T19:23:24.963541+00:00", "symbol": "DOGE-USD"}, {"trade_id": 139014619, "side": "sell", "size": "18.20000000", "price": "0.19774000", "time": "2025-07-14T19:17:11.421454Z", "fetched_at": "2025-07-14T19:23:24.963541+00:00", "symbol": "DOGE-USD"}, {"trade_id": 139014618, "side": "sell", "size": "5.60000000", "price": "0.19774000", "time": "2025-07-14T19:17:11.421454Z", "fetched_at": "2025-07-14T19:23:24.963541+00:00", "symbol": "DOGE-USD"}, {"trade_id": 139014617, "side": "sell", "size": "5.60000000", "price": "0.19772000", "time": "2025-07-14T19:17:11.121827Z", "fetched_at": "2025-07-14T19:23:24.963541+00:00", "symbol": "DOGE-USD"}, {"trade_id": 139014616, "side": "buy", "size": "51.10000000", "price": "0.19769000", "time": "2025-07-14T19:17:10.533696Z", "fetched_at": "2025-07-14T19:23:24.963541+00:00", "symbol": "DOGE-USD"}, {"trade_id": 139014615, "side": "sell", "size": "5.60000000", "price": "0.19768000", "time": "2025-07-14T19:17:08.158724Z", "fetched_at": "2025-07-14T19:23:24.963541+00:00", "symbol": "DOGE-USD"}, {"trade_id": 139014614, "side": "sell", "size": "18314.40000000", "price": "0.19767000", "time": "2025-07-14T19:17:07.828842Z", "fetched_at": "2025-07-14T19:23:24.963541+00:00", "symbol": "DOGE-USD"}, {"trade_id": 139014613, "side": "sell", "size": "70.00000000", "price": "0.19766000", "time": "2025-07-14T19:17:07.828842Z", "fetched_at": "2025-07-14T19:23:24.963541+00:00", "symbol": "DOGE-USD"}, {"trade_id": 139014612, "side": "sell", "size": "5.60000000", "price": "0.19764000", "time": "2025-07-14T19:17:07.738334Z", "fetched_at": "2025-07-14T19:23:24.963541+00:00", "symbol": "DOGE-USD"}, {"trade_id": 139014611, "side": "sell", "size": "985.70000000", "price": "0.19763000", "time": "2025-07-14T19:17:07.418629Z", "fetched_at": "2025-07-14T19:23:24.963541+00:00", "symbol": "DOGE-USD"}, {"trade_id": 139014610, "side": "sell", "size": "985.60000000", "price": "0.19763000", "time": "2025-07-14T19:17:07.418629Z", "fetched_at": "2025-07-14T19:23:24.963541+00:00", "symbol": "DOGE-USD"}, {"trade_id": 139014609, "side": "buy", "size": "328.90000000", "price": "0.19756000", "time": "2025-07-14T19:17:05.963580Z", "fetched_at": "2025-07-14T19:23:24.963541+00:00", "symbol": "DOGE-USD"}, {"trade_id": 139014608, "side": "buy", "size": "700.00000000", "price": "0.19757000", "time": "2025-07-14T19:17:05.963580Z", "fetched_at": "2025-07-14T19:23:24.963541+00:00", "symbol": "DOGE-USD"}, {"trade_id": 139014607, "side": "buy", "size": "18.60000000", "price": "0.19758000", "time": "2025-07-14T19:17:05.963580Z", "fetched_at": "2025-07-14T19:23:24.963541+00:00", "symbol": "DOGE-USD"}, {"trade_id": 139014606, "side": "buy", "size": "183.00000000", "price": "0.19758000", "time": "2025-07-14T19:17:05.963580Z", "fetched_at": "2025-07-14T19:23:24.963541+00:00", "symbol": "DOGE-USD"}, {"trade_id": 139014605, "side": "buy", "size": "286.80000000", "price": "0.19759000", "time": "2025-07-14T19:17:05.963580Z", "fetched_at": "2025-07-14T19:23:24.963541+00:00", "symbol": "DOGE-USD"}, {"trade_id": 139014604, "side": "sell", "size": "1833.10000000", "price": "0.19757000", "time": "2025-07-14T19:17:05.876108Z", "fetched_at": "2025-07-14T19:23:24.963541+00:00", "symbol": "DOGE-USD"}, {"trade_id": 139014603, "side": "sell", "size": "565.00000000", "price": "0.19756000", "time": "2025-07-14T19:17:05.872211Z", "fetched_at": "2025-07-14T19:23:24.963541+00:00", "symbol": "DOGE-USD"}, {"trade_id": 139014602, "side": "sell", "size": "985.60000000", "price": "0.19754000", "time": "2025-07-14T19:17:04.481727Z", "fetched_at": "2025-07-14T19:23:24.963541+00:00", "symbol": "DOGE-USD"}, {"trade_id": 139014601, "side": "buy", "size": "5.60000000", "price": "0.19756000", "time": "2025-07-14T19:17:03.504095Z", "fetched_at": "2025-07-14T19:23:24.963541+00:00", "symbol": "DOGE-USD"}, {"trade_id": 139014600, "side": "buy", "size": "5.60000000", "price": "0.19758000", "time": "2025-07-14T19:17:03.254337Z", "fetched_at": "2025-07-14T19:23:24.963541+00:00", "symbol": "DOGE-USD"}, {"trade_id": 139014599, "side": "buy", "size": "5.60000000", "price": "0.19760000", "time": "2025-07-14T19:17:03.146445Z", "fetched_at": "2025-07-14T19:23:24.963541+00:00", "symbol": "DOGE-USD"}, {"trade_id": 139014598, "side": "buy", "size": "5.60000000", "price": "0.19762000", "time": "2025-07-14T19:17:03.075678Z", "fetched_at": "2025-07-14T19:23:24.963541+00:00", "symbol": "DOGE-USD"}, {"trade_id": 139014597, "side": "buy", "size": "414.50000000", "price": "0.19764000", "time": "2025-07-14T19:17:02.969105Z", "fetched_at": "2025-07-14T19:23:24.963541+00:00", "symbol": "DOGE-USD"}, {"trade_id": 139014596, "side": "buy", "size": "5.60000000", "price": "0.19764000", "time": "2025-07-14T19:17:02.969105Z", "fetched_at": "2025-07-14T19:23:24.963541+00:00", "symbol": "DOGE-USD"}, {"trade_id": 139014595, "side": "buy", "size": "5.60000000", "price": "0.19768000", "time": "2025-07-14T19:17:02.751676Z", "fetched_at": "2025-07-14T19:23:24.963541+00:00", "symbol": "DOGE-USD"}, {"trade_id": 139014594, "side": "buy", "size": "623.50000000", "price": "0.19769000", "time": "2025-07-14T19:17:02.658639Z", "fetched_at": "2025-07-14T19:23:24.963541+00:00", "symbol": "DOGE-USD"}, {"trade_id": 139014593, "side": "buy", "size": "4358.10000000", "price": "0.19771000", "time": "2025-07-14T19:17:02.547988Z", "fetched_at": "2025-07-14T19:23:24.963541+00:00", "symbol": "DOGE-USD"}, {"trade_id": 139014592, "side": "buy", "size": "699.80000000", "price": "0.19771000", "time": "2025-07-14T19:17:02.547363Z", "fetched_at": "2025-07-14T19:23:24.963541+00:00", "symbol": "DOGE-USD"}, {"trade_id": 139014591, "side": "buy", "size": "2083.40000000", "price": "0.19771000", "time": "2025-07-14T19:17:02.547363Z", "fetched_at": "2025-07-14T19:23:24.963541+00:00", "symbol": "DOGE-USD"}, {"trade_id": 139014590, "side": "buy", "size": "3563.90000000", "price": "0.19771000", "time": "2025-07-14T19:17:02.547363Z", "fetched_at": "2025-07-14T19:23:24.963541+00:00", "symbol": "DOGE-USD"}, {"trade_id": 139014589, "side": "buy", "size": "1600.20000000", "price": "0.19771000", "time": "2025-07-14T19:17:02.547363Z", "fetched_at": "2025-07-14T19:23:24.963541+00:00", "symbol": "DOGE-USD"}, {"trade_id": 139014588, "side": "buy", "size": "23.90000000", "price": "0.19772000", "time": "2025-07-14T19:17:02.547363Z", "fetched_at": "2025-07-14T19:23:24.963541+00:00", "symbol": "DOGE-USD"}, {"trade_id": 139014587, "side": "sell", "size": "5.60000000", "price": "0.19772000", "time": "2025-07-14T19:17:00.601489Z", "fetched_at": "2025-07-14T19:23:24.963541+00:00", "symbol": "DOGE-USD"}, {"trade_id": 139014586, "side": "sell", "size": "5.60000000", "price": "0.19770000", "time": "2025-07-14T19:17:00.331066Z", "fetched_at": "2025-07-14T19:23:24.963541+00:00", "symbol": "DOGE-USD"}, {"trade_id": 139014585, "side": "sell", "size": "45.10000000", "price": "0.19769000", "time": "2025-07-14T19:16:59.797092Z", "fetched_at": "2025-07-14T19:23:24.963541+00:00", "symbol": "DOGE-USD"}, {"trade_id": 139014584, "side": "sell", "size": "700.00000000", "price": "0.19769000", "time": "2025-07-14T19:16:59.797092Z", "fetched_at": "2025-07-14T19:23:24.963541+00:00", "symbol": "DOGE-USD"}, {"trade_id": 139014583, "side": "sell", "size": "985.60000000", "price": "0.19768000", "time": "2025-07-14T19:16:59.797092Z", "fetched_at": "2025-07-14T19:23:24.963541+00:00", "symbol": "DOGE-USD"}, {"trade_id": 139014582, "side": "sell", "size": "5.60000000", "price": "0.19768000", "time": "2025-07-14T19:16:59.797092Z", "fetched_at": "2025-07-14T19:23:24.963541+00:00", "symbol": "DOGE-USD"}, {"trade_id": 139014581, "side": "sell", "size": "5.60000000", "price": "0.19766000", "time": "2025-07-14T19:16:56.980921Z", "fetched_at": "2025-07-14T19:23:24.963541+00:00", "symbol": "DOGE-USD"}, {"trade_id": 139014580, "side": "sell", "size": "5.60000000", "price": "0.19764000", "time": "2025-07-14T19:16:56.692711Z", "fetched_at": "2025-07-14T19:23:24.963541+00:00", "symbol": "DOGE-USD"}, {"trade_id": 139014579, "side": "sell", "size": "5.60000000", "price": "0.19762000", "time": "2025-07-14T19:16:49.841800Z", "fetched_at": "2025-07-14T19:23:24.963541+00:00", "symbol": "DOGE-USD"}, {"trade_id": 139014578, "side": "sell", "size": "5.60000000", "price": "0.19760000", "time": "2025-07-14T19:16:49.334721Z", "fetched_at": "2025-07-14T19:23:24.963541+00:00", "symbol": "DOGE-USD"}, {"trade_id": 139014577, "side": "sell", "size": "574.00000000", "price": "0.19759000", "time": "2025-07-14T19:16:48.143115Z", "fetched_at": "2025-07-14T19:23:24.963541+00:00", "symbol": "DOGE-USD"}, {"trade_id": 139014576, "side": "sell", "size": "5.60000000", "price": "0.19758000", "time": "2025-07-14T19:16:47.883277Z", "fetched_at": "2025-07-14T19:23:24.963541+00:00", "symbol": "DOGE-USD"}, {"trade_id": 139014575, "side": "sell", "size": "5.60000000", "price": "0.19756000", "time": "2025-07-14T19:16:47.229650Z", "fetched_at": "2025-07-14T19:23:24.963541+00:00", "symbol": "DOGE-USD"}, {"trade_id": 139014574, "side": "sell", "size": "5.60000000", "price": "0.19754000", "time": "2025-07-14T19:16:46.895985Z", "fetched_at": "2025-07-14T19:23:24.963541+00:00", "symbol": "DOGE-USD"}, {"trade_id": 139014573, "side": "sell", "size": "5.60000000", "price": "0.19752000", "time": "2025-07-14T19:16:46.823655Z", "fetched_at": "2025-07-14T19:23:24.963541+00:00", "symbol": "DOGE-USD"}, {"trade_id": 139014572, "side": "sell", "size": "5.60000000", "price": "0.19750000", "time": "2025-07-14T19:16:46.515418Z", "fetched_at": "2025-07-14T19:23:24.963541+00:00", "symbol": "DOGE-USD"}, {"trade_id": 139014571, "side": "sell", "size": "309.00000000", "price": "0.19750000", "time": "2025-07-14T19:16:46.515418Z", "fetched_at": "2025-07-14T19:23:24.963541+00:00", "symbol": "DOGE-USD"}, {"trade_id": 139014570, "side": "buy", "size": "78.20000000", "price": "0.19747000", "time": "2025-07-14T19:16:43.785468Z", "fetched_at": "2025-07-14T19:23:24.963541+00:00", "symbol": "DOGE-USD"}, {"trade_id": 139014569, "side": "buy", "size": "1600.20000000", "price": "0.19747000", "time": "2025-07-14T19:16:43.785468Z", "fetched_at": "2025-07-14T19:23:24.963541+00:00", "symbol": "DOGE-USD"}, {"trade_id": 139014568, "side": "buy", "size": "1349.50000000", "price": "0.19747000", "time": "2025-07-14T19:16:43.785468Z", "fetched_at": "2025-07-14T19:23:24.963541+00:00", "symbol": "DOGE-USD"}, {"trade_id": 139014567, "side": "buy", "size": "45.10000000", "price": "0.19748000", "time": "2025-07-14T19:16:43.785468Z", "fetched_at": "2025-07-14T19:23:24.963541+00:00", "symbol": "DOGE-USD"}, {"trade_id": 139014566, "side": "buy", "size": "1479.40000000", "price": "0.19749000", "time": "2025-07-14T19:16:43.785468Z", "fetched_at": "2025-07-14T19:23:24.963541+00:00", "symbol": "DOGE-USD"}