[{"trade_id": 138983760, "side": "buy", "size": "417.10000000", "price": "0.20078000", "time": "2025-07-14T15:10:45.720067Z", "fetched_at": "2025-07-14T15:10:49.258691+00:00", "symbol": "DOGE-USD"}, {"trade_id": 138983759, "side": "sell", "size": "5.50000000", "price": "0.20080000", "time": "2025-07-14T15:10:43.356255Z", "fetched_at": "2025-07-14T15:10:49.258691+00:00", "symbol": "DOGE-USD"}, {"trade_id": 138983758, "side": "sell", "size": "5.50000000", "price": "0.20076000", "time": "2025-07-14T15:10:40.340959Z", "fetched_at": "2025-07-14T15:10:49.258691+00:00", "symbol": "DOGE-USD"}, {"trade_id": 138983757, "side": "sell", "size": "5.50000000", "price": "0.20074000", "time": "2025-07-14T15:10:40.227576Z", "fetched_at": "2025-07-14T15:10:49.258691+00:00", "symbol": "DOGE-USD"}, {"trade_id": 138983756, "side": "sell", "size": "1445.20000000", "price": "0.20072000", "time": "2025-07-14T15:10:39.627471Z", "fetched_at": "2025-07-14T15:10:49.258691+00:00", "symbol": "DOGE-USD"}, {"trade_id": 138983755, "side": "buy", "size": "104.90000000", "price": "0.20068000", "time": "2025-07-14T15:10:35.595181Z", "fetched_at": "2025-07-14T15:10:49.258691+00:00", "symbol": "DOGE-USD"}, {"trade_id": 138983754, "side": "buy", "size": "1420.40000000", "price": "0.20070000", "time": "2025-07-14T15:10:35.036189Z", "fetched_at": "2025-07-14T15:10:49.258691+00:00", "symbol": "DOGE-USD"}, {"trade_id": 138983753, "side": "buy", "size": "183.00000000", "price": "0.20071000", "time": "2025-07-14T15:10:34.896238Z", "fetched_at": "2025-07-14T15:10:49.258691+00:00", "symbol": "DOGE-USD"}, {"trade_id": 138983752, "side": "sell", "size": "420.30000000", "price": "0.20072000", "time": "2025-07-14T15:10:34.894675Z", "fetched_at": "2025-07-14T15:10:49.258691+00:00", "symbol": "DOGE-USD"}, {"trade_id": 138983751, "side": "buy", "size": "950.00000000", "price": "0.20073000", "time": "2025-07-14T15:10:34.888462Z", "fetched_at": "2025-07-14T15:10:49.258691+00:00", "symbol": "DOGE-USD"}, {"trade_id": 138983750, "side": "buy", "size": "731.20000000", "price": "0.20067000", "time": "2025-07-14T15:10:34.571652Z", "fetched_at": "2025-07-14T15:10:49.258691+00:00", "symbol": "DOGE-USD"}, {"trade_id": 138983749, "side": "buy", "size": "1483.20000000", "price": "0.20067000", "time": "2025-07-14T15:10:34.571652Z", "fetched_at": "2025-07-14T15:10:49.258691+00:00", "symbol": "DOGE-USD"}, {"trade_id": 138983748, "side": "buy", "size": "3300.10000000", "price": "0.20068000", "time": "2025-07-14T15:10:34.571652Z", "fetched_at": "2025-07-14T15:10:49.258691+00:00", "symbol": "DOGE-USD"}, {"trade_id": 138983747, "side": "buy", "size": "950.00000000", "price": "0.20069000", "time": "2025-07-14T15:10:34.571652Z", "fetched_at": "2025-07-14T15:10:49.258691+00:00", "symbol": "DOGE-USD"}, {"trade_id": 138983746, "side": "buy", "size": "1980.10000000", "price": "0.20069000", "time": "2025-07-14T15:10:34.571652Z", "fetched_at": "2025-07-14T15:10:49.258691+00:00", "symbol": "DOGE-USD"}, {"trade_id": 138983745, "side": "buy", "size": "1555.40000000", "price": "0.20073000", "time": "2025-07-14T15:10:34.571652Z", "fetched_at": "2025-07-14T15:10:49.258691+00:00", "symbol": "DOGE-USD"}, {"trade_id": 138983744, "side": "buy", "size": "183.00000000", "price": "0.20068000", "time": "2025-07-14T15:10:33.207922Z", "fetched_at": "2025-07-14T15:10:49.258691+00:00", "symbol": "DOGE-USD"}, {"trade_id": 138983743, "side": "sell", "size": "420.30000000", "price": "0.20066000", "time": "2025-07-14T15:10:33.197975Z", "fetched_at": "2025-07-14T15:10:49.258691+00:00", "symbol": "DOGE-USD"}, {"trade_id": 138983742, "side": "buy", "size": "1512.60000000", "price": "0.20068000", "time": "2025-07-14T15:10:33.195136Z", "fetched_at": "2025-07-14T15:10:49.258691+00:00", "symbol": "DOGE-USD"}, {"trade_id": 138983741, "side": "buy", "size": "19112.20000000", "price": "0.20063000", "time": "2025-07-14T15:10:33.191752Z", "fetched_at": "2025-07-14T15:10:49.258691+00:00", "symbol": "DOGE-USD"}, {"trade_id": 138983740, "side": "buy", "size": "5.50000000", "price": "0.20064000", "time": "2025-07-14T15:10:33.191752Z", "fetched_at": "2025-07-14T15:10:49.258691+00:00", "symbol": "DOGE-USD"}, {"trade_id": 138983739, "side": "buy", "size": "810.00000000", "price": "0.20064000", "time": "2025-07-14T15:10:33.191752Z", "fetched_at": "2025-07-14T15:10:49.258691+00:00", "symbol": "DOGE-USD"}, {"trade_id": 138983738, "side": "buy", "size": "18982.10000000", "price": "0.20065000", "time": "2025-07-14T15:10:33.191752Z", "fetched_at": "2025-07-14T15:10:49.258691+00:00", "symbol": "DOGE-USD"}, {"trade_id": 138983737, "side": "buy", "size": "2299.70000000", "price": "0.20065000", "time": "2025-07-14T15:10:33.191752Z", "fetched_at": "2025-07-14T15:10:49.258691+00:00", "symbol": "DOGE-USD"}, {"trade_id": 138983736, "side": "buy", "size": "10000.00000000", "price": "0.20066000", "time": "2025-07-14T15:10:33.191752Z", "fetched_at": "2025-07-14T15:10:49.258691+00:00", "symbol": "DOGE-USD"}, {"trade_id": 138983735, "side": "buy", "size": "4062.80000000", "price": "0.20066000", "time": "2025-07-14T15:10:33.191752Z", "fetched_at": "2025-07-14T15:10:49.258691+00:00", "symbol": "DOGE-USD"}, {"trade_id": 138983734, "side": "buy", "size": "5.50000000", "price": "0.20066000", "time": "2025-07-14T15:10:33.191752Z", "fetched_at": "2025-07-14T15:10:49.258691+00:00", "symbol": "DOGE-USD"}, {"trade_id": 138983733, "side": "buy", "size": "1986.90000000", "price": "0.20067000", "time": "2025-07-14T15:10:33.191752Z", "fetched_at": "2025-07-14T15:10:49.258691+00:00", "symbol": "DOGE-USD"}, {"trade_id": 138983732, "side": "buy", "size": "1992.70000000", "price": "0.20067000", "time": "2025-07-14T15:10:33.191752Z", "fetched_at": "2025-07-14T15:10:49.258691+00:00", "symbol": "DOGE-USD"}, {"trade_id": 138983731, "side": "buy", "size": "810.00000000", "price": "0.20067000", "time": "2025-07-14T15:10:33.191752Z", "fetched_at": "2025-07-14T15:10:49.258691+00:00", "symbol": "DOGE-USD"}, {"trade_id": 138983730, "side": "buy", "size": "2873.80000000", "price": "0.20068000", "time": "2025-07-14T15:10:33.190790Z", "fetched_at": "2025-07-14T15:10:49.258691+00:00", "symbol": "DOGE-USD"}, {"trade_id": 138983729, "side": "buy", "size": "1280.70000000", "price": "0.20068000", "time": "2025-07-14T15:10:33.190790Z", "fetched_at": "2025-07-14T15:10:49.258691+00:00", "symbol": "DOGE-USD"}, {"trade_id": 138983728, "side": "buy", "size": "5.50000000", "price": "0.20068000", "time": "2025-07-14T15:10:33.190790Z", "fetched_at": "2025-07-14T15:10:49.258691+00:00", "symbol": "DOGE-USD"}, {"trade_id": 138983727, "side": "buy", "size": "500.00000000", "price": "0.20069000", "time": "2025-07-14T15:10:33.190790Z", "fetched_at": "2025-07-14T15:10:49.258691+00:00", "symbol": "DOGE-USD"}, {"trade_id": 138983726, "side": "buy", "size": "5.50000000", "price": "0.20070000", "time": "2025-07-14T15:10:33.190790Z", "fetched_at": "2025-07-14T15:10:49.258691+00:00", "symbol": "DOGE-USD"}, {"trade_id": 138983725, "side": "buy", "size": "0.40000000", "price": "0.20070000", "time": "2025-07-14T15:10:33.190790Z", "fetched_at": "2025-07-14T15:10:49.258691+00:00", "symbol": "DOGE-USD"}, {"trade_id": 138983724, "side": "buy", "size": "0.10000000", "price": "0.20070000", "time": "2025-07-14T15:10:33.190790Z", "fetched_at": "2025-07-14T15:10:49.258691+00:00", "symbol": "DOGE-USD"}, {"trade_id": 138983723, "side": "buy", "size": "1980.50000000", "price": "0.20072000", "time": "2025-07-14T15:10:33.189271Z", "fetched_at": "2025-07-14T15:10:49.258691+00:00", "symbol": "DOGE-USD"}, {"trade_id": 138983722, "side": "buy", "size": "5.50000000", "price": "0.20072000", "time": "2025-07-14T15:10:33.189271Z", "fetched_at": "2025-07-14T15:10:49.258691+00:00", "symbol": "DOGE-USD"}, {"trade_id": 138983721, "side": "buy", "size": "950.00000000", "price": "0.20073000", "time": "2025-07-14T15:10:33.189271Z", "fetched_at": "2025-07-14T15:10:49.258691+00:00", "symbol": "DOGE-USD"}, {"trade_id": 138983720, "side": "sell", "size": "17.40000000", "price": "0.20091000", "time": "2025-07-14T15:10:27.471443Z", "fetched_at": "2025-07-14T15:10:49.258691+00:00", "symbol": "DOGE-USD"}, {"trade_id": 138983719, "side": "sell", "size": "5.50000000", "price": "0.20090000", "time": "2025-07-14T15:10:27.471443Z", "fetched_at": "2025-07-14T15:10:49.258691+00:00", "symbol": "DOGE-USD"}, {"trade_id": 138983718, "side": "sell", "size": "1360.20000000", "price": "0.20089000", "time": "2025-07-14T15:10:27.180029Z", "fetched_at": "2025-07-14T15:10:49.258691+00:00", "symbol": "DOGE-USD"}, {"trade_id": 138983717, "side": "sell", "size": "5.50000000", "price": "0.20088000", "time": "2025-07-14T15:10:27.076744Z", "fetched_at": "2025-07-14T15:10:49.258691+00:00", "symbol": "DOGE-USD"}, {"trade_id": 138983716, "side": "sell", "size": "5.50000000", "price": "0.20086000", "time": "2025-07-14T15:10:26.918580Z", "fetched_at": "2025-07-14T15:10:49.258691+00:00", "symbol": "DOGE-USD"}, {"trade_id": 138983715, "side": "sell", "size": "1976.00000000", "price": "0.20081000", "time": "2025-07-14T15:10:26.291772Z", "fetched_at": "2025-07-14T15:10:49.258691+00:00", "symbol": "DOGE-USD"}, {"trade_id": 138983714, "side": "sell", "size": "576.40000000", "price": "0.20080000", "time": "2025-07-14T15:10:26.291772Z", "fetched_at": "2025-07-14T15:10:49.258691+00:00", "symbol": "DOGE-USD"}, {"trade_id": 138983713, "side": "sell", "size": "9255.50000000", "price": "0.20078000", "time": "2025-07-14T15:10:25.750584Z", "fetched_at": "2025-07-14T15:10:49.258691+00:00", "symbol": "DOGE-USD"}, {"trade_id": 138983712, "side": "sell", "size": "576.40000000", "price": "0.20076000", "time": "2025-07-14T15:10:25.674739Z", "fetched_at": "2025-07-14T15:10:49.258691+00:00", "symbol": "DOGE-USD"}, {"trade_id": 138983711, "side": "buy", "size": "18971.00000000", "price": "0.20073000", "time": "2025-07-14T15:10:25.573049Z", "fetched_at": "2025-07-14T15:10:49.258691+00:00", "symbol": "DOGE-USD"}, {"trade_id": 138983710, "side": "buy", "size": "5.50000000", "price": "0.20074000", "time": "2025-07-14T15:10:25.573049Z", "fetched_at": "2025-07-14T15:10:49.258691+00:00", "symbol": "DOGE-USD"}, {"trade_id": 138983709, "side": "buy", "size": "5.50000000", "price": "0.20076000", "time": "2025-07-14T15:10:25.573049Z", "fetched_at": "2025-07-14T15:10:49.258691+00:00", "symbol": "DOGE-USD"}, {"trade_id": 138983708, "side": "buy", "size": "5.50000000", "price": "0.20078000", "time": "2025-07-14T15:10:25.573049Z", "fetched_at": "2025-07-14T15:10:49.258691+00:00", "symbol": "DOGE-USD"}, {"trade_id": 138983707, "side": "buy", "size": "98.10000000", "price": "0.20079000", "time": "2025-07-14T15:10:25.573049Z", "fetched_at": "2025-07-14T15:10:49.258691+00:00", "symbol": "DOGE-USD"}, {"trade_id": 138983706, "side": "buy", "size": "17.60000000", "price": "0.20079000", "time": "2025-07-14T15:10:25.129778Z", "fetched_at": "2025-07-14T15:10:49.258691+00:00", "symbol": "DOGE-USD"}, {"trade_id": 138983705, "side": "buy", "size": "5.50000000", "price": "0.20080000", "time": "2025-07-14T15:10:25.129778Z", "fetched_at": "2025-07-14T15:10:49.258691+00:00", "symbol": "DOGE-USD"}, {"trade_id": 138983704, "side": "buy", "size": "5.50000000", "price": "0.20082000", "time": "2025-07-14T15:10:23.576323Z", "fetched_at": "2025-07-14T15:10:49.258691+00:00", "symbol": "DOGE-USD"}, {"trade_id": 138983703, "side": "buy", "size": "3.70000000", "price": "0.20084000", "time": "2025-07-14T15:10:23.575115Z", "fetched_at": "2025-07-14T15:10:49.258691+00:00", "symbol": "DOGE-USD"}, {"trade_id": 138983702, "side": "sell", "size": "14.80000000", "price": "0.20085000", "time": "2025-07-14T15:10:23.280602Z", "fetched_at": "2025-07-14T15:10:49.258691+00:00", "symbol": "DOGE-USD"}, {"trade_id": 138983701, "side": "sell", "size": "0.10000000", "price": "0.20085000", "time": "2025-07-14T15:10:22.451657Z", "fetched_at": "2025-07-14T15:10:49.258691+00:00", "symbol": "DOGE-USD"}, {"trade_id": 138983700, "side": "sell", "size": "5.50000000", "price": "0.20086000", "time": "2025-07-14T15:10:20.670896Z", "fetched_at": "2025-07-14T15:10:49.258691+00:00", "symbol": "DOGE-USD"}, {"trade_id": 138983699, "side": "buy", "size": "44.30000000", "price": "0.20079000", "time": "2025-07-14T15:10:19.387318Z", "fetched_at": "2025-07-14T15:10:49.258691+00:00", "symbol": "DOGE-USD"}, {"trade_id": 138983698, "side": "buy", "size": "5.50000000", "price": "0.20080000", "time": "2025-07-14T15:10:19.387318Z", "fetched_at": "2025-07-14T15:10:49.258691+00:00", "symbol": "DOGE-USD"}, {"trade_id": 138983697, "side": "sell", "size": "484.90000000", "price": "0.20081000", "time": "2025-07-14T15:10:18.793739Z", "fetched_at": "2025-07-14T15:10:49.258691+00:00", "symbol": "DOGE-USD"}, {"trade_id": 138983696, "side": "buy", "size": "54.60000000", "price": "0.20081000", "time": "2025-07-14T15:10:18.442233Z", "fetched_at": "2025-07-14T15:10:49.258691+00:00", "symbol": "DOGE-USD"}, {"trade_id": 138983695, "side": "buy", "size": "5.50000000", "price": "0.20082000", "time": "2025-07-14T15:10:18.442233Z", "fetched_at": "2025-07-14T15:10:49.258691+00:00", "symbol": "DOGE-USD"}, {"trade_id": 138983694, "side": "buy", "size": "5.50000000", "price": "0.20084000", "time": "2025-07-14T15:10:18.442233Z", "fetched_at": "2025-07-14T15:10:49.258691+00:00", "symbol": "DOGE-USD"}, {"trade_id": 138983693, "side": "sell", "size": "226.20000000", "price": "0.20085000", "time": "2025-07-14T15:10:17.882114Z", "fetched_at": "2025-07-14T15:10:49.258691+00:00", "symbol": "DOGE-USD"}, {"trade_id": 138983692, "side": "sell", "size": "5.50000000", "price": "0.20094000", "time": "2025-07-14T15:10:14.879692Z", "fetched_at": "2025-07-14T15:10:49.258691+00:00", "symbol": "DOGE-USD"}, {"trade_id": 138983691, "side": "sell", "size": "870.90000000", "price": "0.20093000", "time": "2025-07-14T15:10:14.797640Z", "fetched_at": "2025-07-14T15:10:49.258691+00:00", "symbol": "DOGE-USD"}, {"trade_id": 138983690, "side": "sell", "size": "41.20000000", "price": "0.20091000", "time": "2025-07-14T15:10:14.147667Z", "fetched_at": "2025-07-14T15:10:49.258691+00:00", "symbol": "DOGE-USD"}, {"trade_id": 138983689, "side": "sell", "size": "5.50000000", "price": "0.20092000", "time": "2025-07-14T15:10:14.123288Z", "fetched_at": "2025-07-14T15:10:49.258691+00:00", "symbol": "DOGE-USD"}, {"trade_id": 138983688, "side": "sell", "size": "1446.50000000", "price": "0.20092000", "time": "2025-07-14T15:10:14.123288Z", "fetched_at": "2025-07-14T15:10:49.258691+00:00", "symbol": "DOGE-USD"}, {"trade_id": 138983687, "side": "sell", "size": "767.00000000", "price": "0.20089000", "time": "2025-07-14T15:10:14.107479Z", "fetched_at": "2025-07-14T15:10:49.258691+00:00", "symbol": "DOGE-USD"}, {"trade_id": 138983686, "side": "sell", "size": "183.00000000", "price": "0.20089000", "time": "2025-07-14T15:10:14.105173Z", "fetched_at": "2025-07-14T15:10:49.258691+00:00", "symbol": "DOGE-USD"}, {"trade_id": 138983685, "side": "sell", "size": "3347.90000000", "price": "0.20091000", "time": "2025-07-14T15:10:14.098591Z", "fetched_at": "2025-07-14T15:10:49.258691+00:00", "symbol": "DOGE-USD"}, {"trade_id": 138983684, "side": "sell", "size": "4818.60000000", "price": "0.20091000", "time": "2025-07-14T15:10:14.098591Z", "fetched_at": "2025-07-14T15:10:49.258691+00:00", "symbol": "DOGE-USD"}, {"trade_id": 138983683, "side": "sell", "size": "3283.80000000", "price": "0.20091000", "time": "2025-07-14T15:10:14.098591Z", "fetched_at": "2025-07-14T15:10:49.258691+00:00", "symbol": "DOGE-USD"}, {"trade_id": 138983682, "side": "sell", "size": "1760.60000000", "price": "0.20091000", "time": "2025-07-14T15:10:14.098591Z", "fetched_at": "2025-07-14T15:10:49.258691+00:00", "symbol": "DOGE-USD"}, {"trade_id": 138983681, "side": "sell", "size": "1970.30000000", "price": "0.20090000", "time": "2025-07-14T15:10:14.096926Z", "fetched_at": "2025-07-14T15:10:49.258691+00:00", "symbol": "DOGE-USD"}, {"trade_id": 138983680, "side": "sell", "size": "5.50000000", "price": "0.20090000", "time": "2025-07-14T15:10:14.096926Z", "fetched_at": "2025-07-14T15:10:49.258691+00:00", "symbol": "DOGE-USD"}, {"trade_id": 138983679, "side": "sell", "size": "950.00000000", "price": "0.20088000", "time": "2025-07-14T15:10:14.096926Z", "fetched_at": "2025-07-14T15:10:49.258691+00:00", "symbol": "DOGE-USD"}, {"trade_id": 138983678, "side": "sell", "size": "41.20000000", "price": "0.20087000", "time": "2025-07-14T15:10:14.096926Z", "fetched_at": "2025-07-14T15:10:49.258691+00:00", "symbol": "DOGE-USD"}, {"trade_id": 138983677, "side": "sell", "size": "950.00000000", "price": "0.20087000", "time": "2025-07-14T15:10:12.455126Z", "fetched_at": "2025-07-14T15:10:49.258691+00:00", "symbol": "DOGE-USD"}, {"trade_id": 138983676, "side": "sell", "size": "41.20000000", "price": "0.20086000", "time": "2025-07-14T15:10:12.455126Z", "fetched_at": "2025-07-14T15:10:49.258691+00:00", "symbol": "DOGE-USD"}, {"trade_id": 138983675, "side": "sell", "size": "65.30000000", "price": "0.20087000", "time": "2025-07-14T15:10:04.491377Z", "fetched_at": "2025-07-14T15:10:49.258691+00:00", "symbol": "DOGE-USD"}, {"trade_id": 138983674, "side": "sell", "size": "1383.70000000", "price": "0.20086000", "time": "2025-07-14T15:10:04.491377Z", "fetched_at": "2025-07-14T15:10:49.258691+00:00", "symbol": "DOGE-USD"}, {"trade_id": 138983673, "side": "sell", "size": "3945.80000000", "price": "0.20087000", "time": "2025-07-14T15:10:02.964645Z", "fetched_at": "2025-07-14T15:10:49.258691+00:00", "symbol": "DOGE-USD"}, {"trade_id": 138983672, "side": "sell", "size": "1969.80000000", "price": "0.20086000", "time": "2025-07-14T15:10:02.962190Z", "fetched_at": "2025-07-14T15:10:49.258691+00:00", "symbol": "DOGE-USD"}, {"trade_id": 138983671, "side": "sell", "size": "810.00000000", "price": "0.20086000", "time": "2025-07-14T15:10:02.962190Z", "fetched_at": "2025-07-14T15:10:49.258691+00:00", "symbol": "DOGE-USD"}, {"trade_id": 138983670, "side": "sell", "size": "950.00000000", "price": "0.20085000", "time": "2025-07-14T15:10:02.962190Z", "fetched_at": "2025-07-14T15:10:49.258691+00:00", "symbol": "DOGE-USD"}, {"trade_id": 138983669, "side": "sell", "size": "950.00000000", "price": "0.20084000", "time": "2025-07-14T15:10:02.958433Z", "fetched_at": "2025-07-14T15:10:49.258691+00:00", "symbol": "DOGE-USD"}, {"trade_id": 138983668, "side": "sell", "size": "41.20000000", "price": "0.20083000", "time": "2025-07-14T15:10:02.958433Z", "fetched_at": "2025-07-14T15:10:49.258691+00:00", "symbol": "DOGE-USD"}, {"trade_id": 138983667, "side": "sell", "size": "810.00000000", "price": "0.20081000", "time": "2025-07-14T15:10:02.566492Z", "fetched_at": "2025-07-14T15:10:49.258691+00:00", "symbol": "DOGE-USD"}, {"trade_id": 138983666, "side": "buy", "size": "5.50000000", "price": "0.20082000", "time": "2025-07-14T15:10:02.208306Z", "fetched_at": "2025-07-14T15:10:49.258691+00:00", "symbol": "DOGE-USD"}, {"trade_id": 138983665, "side": "buy", "size": "5.50000000", "price": "0.20084000", "time": "2025-07-14T15:10:02.145261Z", "fetched_at": "2025-07-14T15:10:49.258691+00:00", "symbol": "DOGE-USD"}, {"trade_id": 138983664, "side": "buy", "size": "0.40000000", "price": "0.20085000", "time": "2025-07-14T15:10:02.145261Z", "fetched_at": "2025-07-14T15:10:49.258691+00:00", "symbol": "DOGE-USD"}, {"trade_id": 138983663, "side": "buy", "size": "5.50000000", "price": "0.20086000", "time": "2025-07-14T15:10:01.620457Z", "fetched_at": "2025-07-14T15:10:49.258691+00:00", "symbol": "DOGE-USD"}, {"trade_id": 138983662, "side": "buy", "size": "5.50000000", "price": "0.20088000", "time": "2025-07-14T15:10:01.614441Z", "fetched_at": "2025-07-14T15:10:49.258691+00:00", "symbol": "DOGE-USD"}, {"trade_id": 138983661, "side": "buy", "size": "5.50000000", "price": "0.20090000", "time": "2025-07-14T15:10:01.369891Z", "fetched_at": "2025-07-14T15:10:49.258691+00:00", "symbol": "DOGE-USD"}, {"trade_id": 138983660, "side": "buy", "size": "5.50000000", "price": "0.20092000", "time": "2025-07-14T15:10:01.336428Z", "fetched_at": "2025-07-14T15:10:49.258691+00:00", "symbol": "DOGE-USD"}, {"trade_id": 138983659, "side": "buy", "size": "5.50000000", "price": "0.20096000", "time": "2025-07-14T15:10:01.228807Z", "fetched_at": "2025-07-14T15:10:49.258691+00:00", "symbol": "DOGE-USD"}, {"trade_id": 138983658, "side": "sell", "size": "1401.10000000", "price": "0.20108000", "time": "2025-07-14T15:09:59.753071Z", "fetched_at": "2025-07-14T15:10:49.258691+00:00", "symbol": "DOGE-USD"}, {"trade_id": 138983657, "side": "sell", "size": "41.20000000", "price": "0.20108000", "time": "2025-07-14T15:09:59.753071Z", "fetched_at": "2025-07-14T15:10:49.258691+00:00", "symbol": "DOGE-USD"}, {"trade_id": 138983656, "side": "sell", "size": "5.50000000", "price": "0.20108000", "time": "2025-07-14T15:09:59.753071Z", "fetched_at": "2025-07-14T15:10:49.258691+00:00", "symbol": "DOGE-USD"}, {"trade_id": 138983655, "side": "sell", "size": "584.90000000", "price": "0.20100000", "time": "2025-07-14T15:09:58.715591Z", "fetched_at": "2025-07-14T15:10:49.258691+00:00", "symbol": "DOGE-USD"}, {"trade_id": 138983654, "side": "sell", "size": "41.20000000", "price": "0.20099000", "time": "2025-07-14T15:09:58.715591Z", "fetched_at": "2025-07-14T15:10:49.258691+00:00", "symbol": "DOGE-USD"}, {"trade_id": 138983653, "side": "sell", "size": "183.00000000", "price": "0.20093000", "time": "2025-07-14T15:09:58.387838Z", "fetched_at": "2025-07-14T15:10:49.258691+00:00", "symbol": "DOGE-USD"}, {"trade_id": 138983652, "side": "buy", "size": "5.50000000", "price": "0.20094000", "time": "2025-07-14T15:09:58.375152Z", "fetched_at": "2025-07-14T15:10:49.258691+00:00", "symbol": "DOGE-USD"}, {"trade_id": 138983651, "side": "buy", "size": "950.00000000", "price": "0.20095000", "time": "2025-07-14T15:09:57.364901Z", "fetched_at": "2025-07-14T15:10:49.258691+00:00", "symbol": "DOGE-USD"}, {"trade_id": 138983650, "side": "buy", "size": "3299.50000000", "price": "0.20095000", "time": "2025-07-14T15:09:57.364901Z", "fetched_at": "2025-07-14T15:10:49.258691+00:00", "symbol": "DOGE-USD"}, {"trade_id": 138983649, "side": "buy", "size": "5.50000000", "price": "0.20096000", "time": "2025-07-14T15:09:57.364901Z", "fetched_at": "2025-07-14T15:10:49.258691+00:00", "symbol": "DOGE-USD"}, {"trade_id": 138983648, "side": "buy", "size": "18925.70000000", "price": "0.20097000", "time": "2025-07-14T15:09:57.364793Z", "fetched_at": "2025-07-14T15:10:49.258691+00:00", "symbol": "DOGE-USD"}, {"trade_id": 138983647, "side": "buy", "size": "5.50000000", "price": "0.20098000", "time": "2025-07-14T15:09:57.364793Z", "fetched_at": "2025-07-14T15:10:49.258691+00:00", "symbol": "DOGE-USD"}, {"trade_id": 138983646, "side": "buy", "size": "5.50000000", "price": "0.20100000", "time": "2025-07-14T15:09:57.364793Z", "fetched_at": "2025-07-14T15:10:49.258691+00:00", "symbol": "DOGE-USD"}, {"trade_id": 138983645, "side": "buy", "size": "1570.00000000", "price": "0.20102000", "time": "2025-07-14T15:09:57.111695Z", "fetched_at": "2025-07-14T15:10:49.258691+00:00", "symbol": "DOGE-USD"}, {"trade_id": 138983644, "side": "sell", "size": "194.60000000", "price": "0.20107000", "time": "2025-07-14T15:09:54.644201Z", "fetched_at": "2025-07-14T15:10:49.258691+00:00", "symbol": "DOGE-USD"}, {"trade_id": 138983643, "side": "sell", "size": "41.20000000", "price": "0.20106000", "time": "2025-07-14T15:09:54.644201Z", "fetched_at": "2025-07-14T15:10:49.258691+00:00", "symbol": "DOGE-USD"}, {"trade_id": 138983642, "side": "buy", "size": "29.00000000", "price": "0.20100000", "time": "2025-07-14T15:09:54.017026Z", "fetched_at": "2025-07-14T15:10:49.258691+00:00", "symbol": "DOGE-USD"}, {"trade_id": 138983641, "side": "buy", "size": "5.50000000", "price": "0.20100000", "time": "2025-07-14T15:09:54.017026Z", "fetched_at": "2025-07-14T15:10:49.258691+00:00", "symbol": "DOGE-USD"}, {"trade_id": 138983640, "side": "buy", "size": "5.50000000", "price": "0.20102000", "time": "2025-07-14T15:09:54.017026Z", "fetched_at": "2025-07-14T15:10:49.258691+00:00", "symbol": "DOGE-USD"}, {"trade_id": 138983639, "side": "buy", "size": "1391.10000000", "price": "0.20103000", "time": "2025-07-14T15:09:54.017026Z", "fetched_at": "2025-07-14T15:10:49.258691+00:00", "symbol": "DOGE-USD"}, {"trade_id": 138983638, "side": "buy", "size": "1229.70000000", "price": "0.20103000", "time": "2025-07-14T15:09:54.017026Z", "fetched_at": "2025-07-14T15:10:49.258691+00:00", "symbol": "DOGE-USD"}, {"trade_id": 138983637, "side": "buy", "size": "364.20000000", "price": "0.20103000", "time": "2025-07-14T15:09:53.557948Z", "fetched_at": "2025-07-14T15:10:49.258691+00:00", "symbol": "DOGE-USD"}, {"trade_id": 138983636, "side": "buy", "size": "120.00000000", "price": "0.20104000", "time": "2025-07-14T15:09:53.557948Z", "fetched_at": "2025-07-14T15:10:49.258691+00:00", "symbol": "DOGE-USD"}, {"trade_id": 138983635, "side": "buy", "size": "5.50000000", "price": "0.20104000", "time": "2025-07-14T15:09:53.557948Z", "fetched_at": "2025-07-14T15:10:49.258691+00:00", "symbol": "DOGE-USD"}, {"trade_id": 138983634, "side": "buy", "size": "5.50000000", "price": "0.20106000", "time": "2025-07-14T15:09:53.557948Z", "fetched_at": "2025-07-14T15:10:49.258691+00:00", "symbol": "DOGE-USD"}, {"trade_id": 138983633, "side": "sell", "size": "183.20000000", "price": "0.20107000", "time": "2025-07-14T15:09:53.029035Z", "fetched_at": "2025-07-14T15:10:49.258691+00:00", "symbol": "DOGE-USD"}, {"trade_id": 138983632, "side": "buy", "size": "4775.00000000", "price": "0.20108000", "time": "2025-07-14T15:09:52.303675Z", "fetched_at": "2025-07-14T15:10:49.258691+00:00", "symbol": "DOGE-USD"}, {"trade_id": 138983631, "side": "buy", "size": "5.50000000", "price": "0.20108000", "time": "2025-07-14T15:09:52.303675Z", "fetched_at": "2025-07-14T15:10:49.258691+00:00", "symbol": "DOGE-USD"}, {"trade_id": 138983630, "side": "buy", "size": "1518.30000000", "price": "0.20117000", "time": "2025-07-14T15:09:48.167265Z", "fetched_at": "2025-07-14T15:10:49.258691+00:00", "symbol": "DOGE-USD"}, {"trade_id": 138983629, "side": "buy", "size": "1373.90000000", "price": "0.20116000", "time": "2025-07-14T15:09:47.291682Z", "fetched_at": "2025-07-14T15:10:49.258691+00:00", "symbol": "DOGE-USD"}, {"trade_id": 138983628, "side": "buy", "size": "8.30000000", "price": "0.20116000", "time": "2025-07-14T15:09:47.291657Z", "fetched_at": "2025-07-14T15:10:49.258691+00:00", "symbol": "DOGE-USD"}, {"trade_id": 138983627, "side": "buy", "size": "5.50000000", "price": "0.20116000", "time": "2025-07-14T15:09:47.291657Z", "fetched_at": "2025-07-14T15:10:49.258691+00:00", "symbol": "DOGE-USD"}, {"trade_id": 138983626, "side": "buy", "size": "1373.90000000", "price": "0.20117000", "time": "2025-07-14T15:09:47.291657Z", "fetched_at": "2025-07-14T15:10:49.258691+00:00", "symbol": "DOGE-USD"}, {"trade_id": 138983625, "side": "sell", "size": "1267.30000000", "price": "0.20127000", "time": "2025-07-14T15:09:44.956486Z", "fetched_at": "2025-07-14T15:10:49.258691+00:00", "symbol": "DOGE-USD"}, {"trade_id": 138983624, "side": "buy", "size": "278.20000000", "price": "0.20123000", "time": "2025-07-14T15:09:43.044349Z", "fetched_at": "2025-07-14T15:10:49.258691+00:00", "symbol": "DOGE-USD"}, {"trade_id": 138983623, "side": "sell", "size": "5.50000000", "price": "0.20124000", "time": "2025-07-14T15:09:42.446948Z", "fetched_at": "2025-07-14T15:10:49.258691+00:00", "symbol": "DOGE-USD"}, {"trade_id": 138983622, "side": "sell", "size": "5.50000000", "price": "0.20122000", "time": "2025-07-14T15:09:42.347717Z", "fetched_at": "2025-07-14T15:10:49.258691+00:00", "symbol": "DOGE-USD"}, {"trade_id": 138983621, "side": "sell", "size": "5.50000000", "price": "0.20120000", "time": "2025-07-14T15:09:42.198907Z", "fetched_at": "2025-07-14T15:10:49.258691+00:00", "symbol": "DOGE-USD"}, {"trade_id": 138983620, "side": "sell", "size": "5.50000000", "price": "0.20118000", "time": "2025-07-14T15:09:42.167101Z", "fetched_at": "2025-07-14T15:10:49.258691+00:00", "symbol": "DOGE-USD"}, {"trade_id": 138983619, "side": "sell", "size": "5.50000000", "price": "0.20116000", "time": "2025-07-14T15:09:42.095930Z", "fetched_at": "2025-07-14T15:10:49.258691+00:00", "symbol": "DOGE-USD"}, {"trade_id": 138983618, "side": "sell", "size": "1306.80000000", "price": "0.20115000", "time": "2025-07-14T15:09:41.910688Z", "fetched_at": "2025-07-14T15:10:49.258691+00:00", "symbol": "DOGE-USD"}, {"trade_id": 138983617, "side": "sell", "size": "1820.70000000", "price": "0.20115000", "time": "2025-07-14T15:09:41.910688Z", "fetched_at": "2025-07-14T15:10:49.258691+00:00", "symbol": "DOGE-USD"}, {"trade_id": 138983616, "side": "sell", "size": "18917.40000000", "price": "0.20115000", "time": "2025-07-14T15:09:41.910688Z", "fetched_at": "2025-07-14T15:10:49.258691+00:00", "symbol": "DOGE-USD"}, {"trade_id": 138983615, "side": "sell", "size": "3959.30000000", "price": "0.20115000", "time": "2025-07-14T15:09:41.910688Z", "fetched_at": "2025-07-14T15:10:49.258691+00:00", "symbol": "DOGE-USD"}, {"trade_id": 138983614, "side": "sell", "size": "41.20000000", "price": "0.20114000", "time": "2025-07-14T15:09:41.910688Z", "fetched_at": "2025-07-14T15:10:49.258691+00:00", "symbol": "DOGE-USD"}, {"trade_id": 138983613, "side": "sell", "size": "5.50000000", "price": "0.20114000", "time": "2025-07-14T15:09:41.910688Z", "fetched_at": "2025-07-14T15:10:49.258691+00:00", "symbol": "DOGE-USD"}, {"trade_id": 138983612, "side": "sell", "size": "280.20000000", "price": "0.20105000", "time": "2025-07-14T15:09:39.304845Z", "fetched_at": "2025-07-14T15:10:49.258691+00:00", "symbol": "DOGE-USD"}, {"trade_id": 138983611, "side": "buy", "size": "5.50000000", "price": "0.20106000", "time": "2025-07-14T15:09:37.221138Z", "fetched_at": "2025-07-14T15:10:49.258691+00:00", "symbol": "DOGE-USD"}, {"trade_id": 138983610, "side": "buy", "size": "0.10000000", "price": "0.20106000", "time": "2025-07-14T15:09:37.221138Z", "fetched_at": "2025-07-14T15:10:49.258691+00:00", "symbol": "DOGE-USD"}, {"trade_id": 138983609, "side": "sell", "size": "120.60000000", "price": "0.20107000", "time": "2025-07-14T15:09:35.740337Z", "fetched_at": "2025-07-14T15:10:49.258691+00:00", "symbol": "DOGE-USD"}, {"trade_id": 138983608, "side": "buy", "size": "5.50000000", "price": "0.20108000", "time": "2025-07-14T15:09:35.594208Z", "fetched_at": "2025-07-14T15:10:49.258691+00:00", "symbol": "DOGE-USD"}, {"trade_id": 138983607, "side": "buy", "size": "5.50000000", "price": "0.20110000", "time": "2025-07-14T15:09:34.856798Z", "fetched_at": "2025-07-14T15:10:49.258691+00:00", "symbol": "DOGE-USD"}, {"trade_id": 138983606, "side": "buy", "size": "5.50000000", "price": "0.20112000", "time": "2025-07-14T15:09:34.848652Z", "fetched_at": "2025-07-14T15:10:49.258691+00:00", "symbol": "DOGE-USD"}, {"trade_id": 138983605, "side": "buy", "size": "5.50000000", "price": "0.20114000", "time": "2025-07-14T15:09:33.485553Z", "fetched_at": "2025-07-14T15:10:49.258691+00:00", "symbol": "DOGE-USD"}, {"trade_id": 138983604, "side": "buy", "size": "5.50000000", "price": "0.20116000", "time": "2025-07-14T15:09:31.255010Z", "fetched_at": "2025-07-14T15:10:49.258691+00:00", "symbol": "DOGE-USD"}, {"trade_id": 138983603, "side": "buy", "size": "5.50000000", "price": "0.20118000", "time": "2025-07-14T15:09:31.041715Z", "fetched_at": "2025-07-14T15:10:49.258691+00:00", "symbol": "DOGE-USD"}, {"trade_id": 138983602, "side": "sell", "size": "1184.90000000", "price": "0.20122000", "time": "2025-07-14T15:09:27.166618Z", "fetched_at": "2025-07-14T15:10:49.258691+00:00", "symbol": "DOGE-USD"}, {"trade_id": 138983601, "side": "buy", "size": "2295.40000000", "price": "0.20120000", "time": "2025-07-14T15:09:26.442623Z", "fetched_at": "2025-07-14T15:10:49.258691+00:00", "symbol": "DOGE-USD"}, {"trade_id": 138983600, "side": "sell", "size": "420.30000000", "price": "0.20121000", "time": "2025-07-14T15:09:26.442595Z", "fetched_at": "2025-07-14T15:10:49.258691+00:00", "symbol": "DOGE-USD"}, {"trade_id": 138983599, "side": "buy", "size": "4515.60000000", "price": "0.20117000", "time": "2025-07-14T15:09:26.437316Z", "fetched_at": "2025-07-14T15:10:49.258691+00:00", "symbol": "DOGE-USD"}, {"trade_id": 138983598, "side": "buy", "size": "5.50000000", "price": "0.20118000", "time": "2025-07-14T15:09:26.437316Z", "fetched_at": "2025-07-14T15:10:49.258691+00:00", "symbol": "DOGE-USD"}, {"trade_id": 138983597, "side": "buy", "size": "1301.70000000", "price": "0.20123000", "time": "2025-07-14T15:09:26.436329Z", "fetched_at": "2025-07-14T15:10:49.258691+00:00", "symbol": "DOGE-USD"}, {"trade_id": 138983596, "side": "buy", "size": "950.00000000", "price": "0.20120000", "time": "2025-07-14T15:09:26.435469Z", "fetched_at": "2025-07-14T15:10:49.258691+00:00", "symbol": "DOGE-USD"}, {"trade_id": 138983595, "side": "buy", "size": "5.50000000", "price": "0.20120000", "time": "2025-07-14T15:09:26.435469Z", "fetched_at": "2025-07-14T15:10:49.258691+00:00", "symbol": "DOGE-USD"}, {"trade_id": 138983594, "side": "buy", "size": "950.00000000", "price": "0.20121000", "time": "2025-07-14T15:09:26.435146Z", "fetched_at": "2025-07-14T15:10:49.258691+00:00", "symbol": "DOGE-USD"}, {"trade_id": 138983593, "side": "buy", "size": "2500.00000000", "price": "0.20121000", "time": "2025-07-14T15:09:26.435146Z", "fetched_at": "2025-07-14T15:10:49.258691+00:00", "symbol": "DOGE-USD"}, {"trade_id": 138983592, "side": "buy", "size": "1500.00000000", "price": "0.20122000", "time": "2025-07-14T15:09:26.432868Z", "fetched_at": "2025-07-14T15:10:49.258691+00:00", "symbol": "DOGE-USD"}, {"trade_id": 138983591, "side": "buy", "size": "5.50000000", "price": "0.20122000", "time": "2025-07-14T15:09:26.432868Z", "fetched_at": "2025-07-14T15:10:49.258691+00:00", "symbol": "DOGE-USD"}, {"trade_id": 138983590, "side": "buy", "size": "1382.40000000", "price": "0.20123000", "time": "2025-07-14T15:09:26.020388Z", "fetched_at": "2025-07-14T15:10:49.258691+00:00", "symbol": "DOGE-USD"}, {"trade_id": 138983589, "side": "buy", "size": "5.50000000", "price": "0.20126000", "time": "2025-07-14T15:09:22.441121Z", "fetched_at": "2025-07-14T15:10:49.258691+00:00", "symbol": "DOGE-USD"}, {"trade_id": 138983588, "side": "sell", "size": "4.70000000", "price": "0.20132000", "time": "2025-07-14T15:09:20.258240Z", "fetched_at": "2025-07-14T15:10:49.258691+00:00", "symbol": "DOGE-USD"}, {"trade_id": 138983587, "side": "sell", "size": "2093.90000000", "price": "0.20131000", "time": "2025-07-14T15:09:18.557652Z", "fetched_at": "2025-07-14T15:10:49.258691+00:00", "symbol": "DOGE-USD"}, {"trade_id": 138983586, "side": "buy", "size": "787.30000000", "price": "0.20123000", "time": "2025-07-14T15:09:17.523423Z", "fetched_at": "2025-07-14T15:10:49.258691+00:00", "symbol": "DOGE-USD"}, {"trade_id": 138983585, "side": "buy", "size": "1321.30000000", "price": "0.20123000", "time": "2025-07-14T15:09:17.523423Z", "fetched_at": "2025-07-14T15:10:49.258691+00:00", "symbol": "DOGE-USD"}, {"trade_id": 138983584, "side": "buy", "size": "707.20000000", "price": "0.20124000", "time": "2025-07-14T15:09:17.187667Z", "fetched_at": "2025-07-14T15:10:49.258691+00:00", "symbol": "DOGE-USD"}, {"trade_id": 138983583, "side": "buy", "size": "5.50000000", "price": "0.20124000", "time": "2025-07-14T15:09:17.187667Z", "fetched_at": "2025-07-14T15:10:49.258691+00:00", "symbol": "DOGE-USD"}, {"trade_id": 138983582, "side": "buy", "size": "950.00000000", "price": "0.20127000", "time": "2025-07-14T15:09:17.187667Z", "fetched_at": "2025-07-14T15:10:49.258691+00:00", "symbol": "DOGE-USD"}, {"trade_id": 138983581, "side": "buy", "size": "1297.40000000", "price": "0.20127000", "time": "2025-07-14T15:09:17.187667Z", "fetched_at": "2025-07-14T15:10:49.258691+00:00", "symbol": "DOGE-USD"}, {"trade_id": 138983580, "side": "buy", "size": "950.00000000", "price": "0.20128000", "time": "2025-07-14T15:09:17.187667Z", "fetched_at": "2025-07-14T15:10:49.258691+00:00", "symbol": "DOGE-USD"}, {"trade_id": 138983579, "side": "buy", "size": "5.50000000", "price": "0.20128000", "time": "2025-07-14T15:09:17.187667Z", "fetched_at": "2025-07-14T15:10:49.258691+00:00", "symbol": "DOGE-USD"}, {"trade_id": 138983578, "side": "buy", "size": "1193.80000000", "price": "0.20130000", "time": "2025-07-14T15:09:16.986911Z", "fetched_at": "2025-07-14T15:10:49.258691+00:00", "symbol": "DOGE-USD"}, {"trade_id": 138983577, "side": "buy", "size": "1296.20000000", "price": "0.20130000", "time": "2025-07-14T15:09:16.986911Z", "fetched_at": "2025-07-14T15:10:49.258691+00:00", "symbol": "DOGE-USD"}, {"trade_id": 138983576, "side": "sell", "size": "5.50000000", "price": "0.20134000", "time": "2025-07-14T15:09:15.237348Z", "fetched_at": "2025-07-14T15:10:49.258691+00:00", "symbol": "DOGE-USD"}, {"trade_id": 138983575, "side": "sell", "size": "5.50000000", "price": "0.20132000", "time": "2025-07-14T15:09:15.197890Z", "fetched_at": "2025-07-14T15:10:49.258691+00:00", "symbol": "DOGE-USD"}, {"trade_id": 138983574, "side": "sell", "size": "41.10000000", "price": "0.20131000", "time": "2025-07-14T15:09:15.040728Z", "fetched_at": "2025-07-14T15:10:49.258691+00:00", "symbol": "DOGE-USD"}, {"trade_id": 138983573, "side": "sell", "size": "5.50000000", "price": "0.20130000", "time": "2025-07-14T15:09:15.032400Z", "fetched_at": "2025-07-14T15:10:49.258691+00:00", "symbol": "DOGE-USD"}, {"trade_id": 138983572, "side": "sell", "size": "1327.70000000", "price": "0.20128000", "time": "2025-07-14T15:09:11.504654Z", "fetched_at": "2025-07-14T15:10:49.258691+00:00", "symbol": "DOGE-USD"}, {"trade_id": 138983571, "side": "sell", "size": "110.60000000", "price": "0.20128000", "time": "2025-07-14T15:09:11.406807Z", "fetched_at": "2025-07-14T15:10:49.258691+00:00", "symbol": "DOGE-USD"}, {"trade_id": 138983570, "side": "sell", "size": "5.50000000", "price": "0.20128000", "time": "2025-07-14T15:09:11.406807Z", "fetched_at": "2025-07-14T15:10:49.258691+00:00", "symbol": "DOGE-USD"}, {"trade_id": 138983569, "side": "sell", "size": "1.80000000", "price": "0.20126000", "time": "2025-07-14T15:09:11.406807Z", "fetched_at": "2025-07-14T15:10:49.258691+00:00", "symbol": "DOGE-USD"}, {"trade_id": 138983568, "side": "buy", "size": "298.30000000", "price": "0.20125000", "time": "2025-07-14T15:09:11.292456Z", "fetched_at": "2025-07-14T15:10:49.258691+00:00", "symbol": "DOGE-USD"}, {"trade_id": 138983567, "side": "sell", "size": "3.70000000", "price": "0.20126000", "time": "2025-07-14T15:09:09.769044Z", "fetched_at": "2025-07-14T15:10:49.258691+00:00", "symbol": "DOGE-USD"}, {"trade_id": 138983566, "side": "sell", "size": "5.50000000", "price": "0.20124000", "time": "2025-07-14T15:09:08.428689Z", "fetched_at": "2025-07-14T15:10:49.258691+00:00", "symbol": "DOGE-USD"}, {"trade_id": 138983565, "side": "sell", "size": "5.50000000", "price": "0.20122000", "time": "2025-07-14T15:09:07.609626Z", "fetched_at": "2025-07-14T15:10:49.258691+00:00", "symbol": "DOGE-USD"}, {"trade_id": 138983564, "side": "sell", "size": "903.90000000", "price": "0.20121000", "time": "2025-07-14T15:09:07.609626Z", "fetched_at": "2025-07-14T15:10:49.258691+00:00", "symbol": "DOGE-USD"}, {"trade_id": 138983563, "side": "sell", "size": "5.50000000", "price": "0.20120000", "time": "2025-07-14T15:09:07.471752Z", "fetched_at": "2025-07-14T15:10:49.258691+00:00", "symbol": "DOGE-USD"}, {"trade_id": 138983562, "side": "buy", "size": "1984.60000000", "price": "0.20114000", "time": "2025-07-14T15:09:04.207048Z", "fetched_at": "2025-07-14T15:10:49.258691+00:00", "symbol": "DOGE-USD"}, {"trade_id": 138983561, "side": "buy", "size": "950.00000000", "price": "0.20117000", "time": "2025-07-14T15:09:04.207048Z", "fetched_at": "2025-07-14T15:10:49.258691+00:00", "symbol": "DOGE-USD"}, {"trade_id": 138983560, "side": "sell", "size": "5.50000000", "price": "0.20118000", "time": "2025-07-14T15:09:02.881738Z", "fetched_at": "2025-07-14T15:10:49.258691+00:00", "symbol": "DOGE-USD"}, {"trade_id": 138983559, "side": "sell", "size": "9551.50000000", "price": "0.20116000", "time": "2025-07-14T15:09:02.718168Z", "fetched_at": "2025-07-14T15:10:49.258691+00:00", "symbol": "DOGE-USD"}, {"trade_id": 138983558, "side": "sell", "size": "9106.00000000", "price": "0.20116000", "time": "2025-07-14T15:09:02.708970Z", "fetched_at": "2025-07-14T15:10:49.258691+00:00", "symbol": "DOGE-USD"}, {"trade_id": 138983557, "side": "sell", "size": "1023.20000000", "price": "0.20115000", "time": "2025-07-14T15:09:01.535308Z", "fetched_at": "2025-07-14T15:10:49.258691+00:00", "symbol": "DOGE-USD"}, {"trade_id": 138983556, "side": "sell", "size": "23.60000000", "price": "0.20113000", "time": "2025-07-14T15:09:00.778644Z", "fetched_at": "2025-07-14T15:10:49.258691+00:00", "symbol": "DOGE-USD"}, {"trade_id": 138983555, "side": "buy", "size": "5.50000000", "price": "0.20114000", "time": "2025-07-14T15:08:59.191581Z", "fetched_at": "2025-07-14T15:10:49.258691+00:00", "symbol": "DOGE-USD"}, {"trade_id": 138983554, "side": "buy", "size": "2170.70000000", "price": "0.20115000", "time": "2025-07-14T15:08:57.434417Z", "fetched_at": "2025-07-14T15:10:49.258691+00:00", "symbol": "DOGE-USD"}, {"trade_id": 138983553, "side": "buy", "size": "3362.40000000", "price": "0.20115000", "time": "2025-07-14T15:08:57.434417Z", "fetched_at": "2025-07-14T15:10:49.258691+00:00", "symbol": "DOGE-USD"}, {"trade_id": 138983552, "side": "buy", "size": "950.00000000", "price": "0.20116000", "time": "2025-07-14T15:08:57.434417Z", "fetched_at": "2025-07-14T15:10:49.258691+00:00", "symbol": "DOGE-USD"}, {"trade_id": 138983551, "side": "buy", "size": "950.00000000", "price": "0.20117000", "time": "2025-07-14T15:08:57.434417Z", "fetched_at": "2025-07-14T15:10:49.258691+00:00", "symbol": "DOGE-USD"}, {"trade_id": 138983550, "side": "buy", "size": "1594.40000000", "price": "0.20117000", "time": "2025-07-14T15:08:57.434417Z", "fetched_at": "2025-07-14T15:10:49.258691+00:00", "symbol": "DOGE-USD"}, {"trade_id": 138983549, "side": "buy", "size": "1526.60000000", "price": "0.20118000", "time": "2025-07-14T15:08:57.434417Z", "fetched_at": "2025-07-14T15:10:49.258691+00:00", "symbol": "DOGE-USD"}, {"trade_id": 138983548, "side": "buy", "size": "278.20000000", "price": "0.20119000", "time": "2025-07-14T15:08:57.434417Z", "fetched_at": "2025-07-14T15:10:49.258691+00:00", "symbol": "DOGE-USD"}, {"trade_id": 138983547, "side": "buy", "size": "495.40000000", "price": "0.20112000", "time": "2025-07-14T15:08:55.731589Z", "fetched_at": "2025-07-14T15:10:49.258691+00:00", "symbol": "DOGE-USD"}, {"trade_id": 138983546, "side": "buy", "size": "950.00000000", "price": "0.20112000", "time": "2025-07-14T15:08:55.731589Z", "fetched_at": "2025-07-14T15:10:49.258691+00:00", "symbol": "DOGE-USD"}, {"trade_id": 138983545, "side": "buy", "size": "5.50000000", "price": "0.20112000", "time": "2025-07-14T15:08:55.731589Z", "fetched_at": "2025-07-14T15:10:49.258691+00:00", "symbol": "DOGE-USD"}, {"trade_id": 138983544, "side": "buy", "size": "1457.20000000", "price": "0.20114000", "time": "2025-07-14T15:08:55.731589Z", "fetched_at": "2025-07-14T15:10:49.258691+00:00", "symbol": "DOGE-USD"}, {"trade_id": 138983543, "side": "buy", "size": "5.50000000", "price": "0.20114000", "time": "2025-07-14T15:08:55.731589Z", "fetched_at": "2025-07-14T15:10:49.258691+00:00", "symbol": "DOGE-USD"}, {"trade_id": 138983542, "side": "buy", "size": "93.70000000", "price": "0.20115000", "time": "2025-07-14T15:08:55.731589Z", "fetched_at": "2025-07-14T15:10:49.258691+00:00", "symbol": "DOGE-USD"}, {"trade_id": 138983541, "side": "buy", "size": "2.80000000", "price": "0.20116000", "time": "2025-07-14T15:08:52.432971Z", "fetched_at": "2025-07-14T15:10:49.258691+00:00", "symbol": "DOGE-USD"}, {"trade_id": 138983540, "side": "sell", "size": "298.70000000", "price": "0.20118000", "time": "2025-07-14T15:08:51.519828Z", "fetched_at": "2025-07-14T15:10:49.258691+00:00", "symbol": "DOGE-USD"}, {"trade_id": 138983539, "side": "sell", "size": "41.10000000", "price": "0.20117000", "time": "2025-07-14T15:08:51.519828Z", "fetched_at": "2025-07-14T15:10:49.258691+00:00", "symbol": "DOGE-USD"}, {"trade_id": 138983538, "side": "sell", "size": "1455.80000000", "price": "0.20117000", "time": "2025-07-14T15:08:51.519828Z", "fetched_at": "2025-07-14T15:10:49.258691+00:00", "symbol": "DOGE-USD"}, {"trade_id": 138983537, "side": "sell", "size": "1403.90000000", "price": "0.20117000", "time": "2025-07-14T15:08:51.519828Z", "fetched_at": "2025-07-14T15:10:49.258691+00:00", "symbol": "DOGE-USD"}, {"trade_id": 138983536, "side": "buy", "size": "2.70000000", "price": "0.20116000", "time": "2025-07-14T15:08:48.999013Z", "fetched_at": "2025-07-14T15:10:49.258691+00:00", "symbol": "DOGE-USD"}, {"trade_id": 138983535, "side": "buy", "size": "278.20000000", "price": "0.20123000", "time": "2025-07-14T15:08:48.141192Z", "fetched_at": "2025-07-14T15:10:49.258691+00:00", "symbol": "DOGE-USD"}, {"trade_id": 138983534, "side": "sell", "size": "855.50000000", "price": "0.20128000", "time": "2025-07-14T15:08:48.095766Z", "fetched_at": "2025-07-14T15:10:49.258691+00:00", "symbol": "DOGE-USD"}, {"trade_id": 138983533, "side": "sell", "size": "5.50000000", "price": "0.20128000", "time": "2025-07-14T15:08:48.095766Z", "fetched_at": "2025-07-14T15:10:49.258691+00:00", "symbol": "DOGE-USD"}, {"trade_id": 138983532, "side": "sell", "size": "6611.90000000", "price": "0.20127000", "time": "2025-07-14T15:08:48.095766Z", "fetched_at": "2025-07-14T15:10:49.258691+00:00", "symbol": "DOGE-USD"}, {"trade_id": 138983531, "side": "sell", "size": "2287.10000000", "price": "0.20127000", "time": "2025-07-14T15:08:48.095766Z", "fetched_at": "2025-07-14T15:10:49.258691+00:00", "symbol": "DOGE-USD"}, {"trade_id": 138983530, "side": "sell", "size": "950.00000000", "price": "0.20126000", "time": "2025-07-14T15:08:48.095766Z", "fetched_at": "2025-07-14T15:10:49.258691+00:00", "symbol": "DOGE-USD"}, {"trade_id": 138983529, "side": "sell", "size": "3303.40000000", "price": "0.20126000", "time": "2025-07-14T15:08:48.095766Z", "fetched_at": "2025-07-14T15:10:49.258691+00:00", "symbol": "DOGE-USD"}, {"trade_id": 138983528, "side": "sell", "size": "1514.40000000", "price": "0.20126000", "time": "2025-07-14T15:08:48.095766Z", "fetched_at": "2025-07-14T15:10:49.258691+00:00", "symbol": "DOGE-USD"}, {"trade_id": 138983527, "side": "sell", "size": "4561.80000000", "price": "0.20126000", "time": "2025-07-14T15:08:48.095766Z", "fetched_at": "2025-07-14T15:10:49.258691+00:00", "symbol": "DOGE-USD"}, {"trade_id": 138983526, "side": "sell", "size": "810.00000000", "price": "0.20126000", "time": "2025-07-14T15:08:48.095766Z", "fetched_at": "2025-07-14T15:10:49.258691+00:00", "symbol": "DOGE-USD"}, {"trade_id": 138983525, "side": "sell", "size": "5.50000000", "price": "0.20126000", "time": "2025-07-14T15:08:48.095766Z", "fetched_at": "2025-07-14T15:10:49.258691+00:00", "symbol": "DOGE-USD"}, {"trade_id": 138983524, "side": "sell", "size": "41.10000000", "price": "0.20125000", "time": "2025-07-14T15:08:48.095766Z", "fetched_at": "2025-07-14T15:10:49.258691+00:00", "symbol": "DOGE-USD"}, {"trade_id": 138983523, "side": "sell", "size": "1599.60000000", "price": "0.20124000", "time": "2025-07-14T15:08:48.095766Z", "fetched_at": "2025-07-14T15:10:49.258691+00:00", "symbol": "DOGE-USD"}, {"trade_id": 138983522, "side": "sell", "size": "5.50000000", "price": "0.20124000", "time": "2025-07-14T15:08:48.095766Z", "fetched_at": "2025-07-14T15:10:49.258691+00:00", "symbol": "DOGE-USD"}, {"trade_id": 138983521, "side": "sell", "size": "1818.80000000", "price": "0.20122000", "time": "2025-07-14T15:08:48.095766Z", "fetched_at": "2025-07-14T15:10:49.258691+00:00", "symbol": "DOGE-USD"}, {"trade_id": 138983520, "side": "sell", "size": "5.50000000", "price": "0.20120000", "time": "2025-07-14T15:08:47.692976Z", "fetched_at": "2025-07-14T15:10:49.258691+00:00", "symbol": "DOGE-USD"}, {"trade_id": 138983519, "side": "buy", "size": "5.50000000", "price": "0.20116000", "time": "2025-07-14T15:08:46.064780Z", "fetched_at": "2025-07-14T15:10:49.258691+00:00", "symbol": "DOGE-USD"}, {"trade_id": 138983518, "side": "buy", "size": "5.50000000", "price": "0.20118000", "time": "2025-07-14T15:08:45.947498Z", "fetched_at": "2025-07-14T15:10:49.258691+00:00", "symbol": "DOGE-USD"}, {"trade_id": 138983517, "side": "sell", "size": "5.50000000", "price": "0.20122000", "time": "2025-07-14T15:08:45.227502Z", "fetched_at": "2025-07-14T15:10:49.258691+00:00", "symbol": "DOGE-USD"}, {"trade_id": 138983516, "side": "sell", "size": "14.80000000", "price": "0.20117000", "time": "2025-07-14T15:08:41.802248Z", "fetched_at": "2025-07-14T15:10:49.258691+00:00", "symbol": "DOGE-USD"}, {"trade_id": 138983515, "side": "sell", "size": "2804.40000000", "price": "0.20130000", "time": "2025-07-14T15:08:37.012288Z", "fetched_at": "2025-07-14T15:10:49.258691+00:00", "symbol": "DOGE-USD"}, {"trade_id": 138983514, "side": "sell", "size": "5.50000000", "price": "0.20130000", "time": "2025-07-14T15:08:37.012288Z", "fetched_at": "2025-07-14T15:10:49.258691+00:00", "symbol": "DOGE-USD"}, {"trade_id": 138983513, "side": "sell", "size": "5.50000000", "price": "0.20128000", "time": "2025-07-14T15:08:36.874368Z", "fetched_at": "2025-07-14T15:10:49.258691+00:00", "symbol": "DOGE-USD"}, {"trade_id": 138983512, "side": "sell", "size": "5.50000000", "price": "0.20126000", "time": "2025-07-14T15:08:36.762149Z", "fetched_at": "2025-07-14T15:10:49.258691+00:00", "symbol": "DOGE-USD"}, {"trade_id": 138983511, "side": "sell", "size": "5.50000000", "price": "0.20124000", "time": "2025-07-14T15:08:36.326638Z", "fetched_at": "2025-07-14T15:10:49.258691+00:00", "symbol": "DOGE-USD"}, {"trade_id": 138983510, "side": "sell", "size": "5.50000000", "price": "0.20122000", "time": "2025-07-14T15:08:35.991354Z", "fetched_at": "2025-07-14T15:10:49.258691+00:00", "symbol": "DOGE-USD"}, {"trade_id": 138983509, "side": "sell", "size": "5.50000000", "price": "0.20120000", "time": "2025-07-14T15:08:35.853777Z", "fetched_at": "2025-07-14T15:10:49.258691+00:00", "symbol": "DOGE-USD"}, {"trade_id": 138983508, "side": "sell", "size": "12769.00000000", "price": "0.20119000", "time": "2025-07-14T15:08:35.717591Z", "fetched_at": "2025-07-14T15:10:49.258691+00:00", "symbol": "DOGE-USD"}, {"trade_id": 138983507, "side": "sell", "size": "3989.50000000", "price": "0.20118000", "time": "2025-07-14T15:08:35.690407Z", "fetched_at": "2025-07-14T15:10:49.258691+00:00", "symbol": "DOGE-USD"}, {"trade_id": 138983506, "side": "sell", "size": "5.50000000", "price": "0.20118000", "time": "2025-07-14T15:08:35.690407Z", "fetched_at": "2025-07-14T15:10:49.258691+00:00", "symbol": "DOGE-USD"}, {"trade_id": 138983505, "side": "sell", "size": "41.20000000", "price": "0.20117000", "time": "2025-07-14T15:08:35.690407Z", "fetched_at": "2025-07-14T15:10:49.258691+00:00", "symbol": "DOGE-USD"}, {"trade_id": 138983504, "side": "sell", "size": "32.50000000", "price": "0.20117000", "time": "2025-07-14T15:08:29.339734Z", "fetched_at": "2025-07-14T15:10:49.258691+00:00", "symbol": "DOGE-USD"}, {"trade_id": 138983503, "side": "sell", "size": "41.20000000", "price": "0.20117000", "time": "2025-07-14T15:08:29.339734Z", "fetched_at": "2025-07-14T15:10:49.258691+00:00", "symbol": "DOGE-USD"}, {"trade_id": 138983502, "side": "buy", "size": "38.70000000", "price": "0.20111000", "time": "2025-07-14T15:08:27.773782Z", "fetched_at": "2025-07-14T15:10:49.258691+00:00", "symbol": "DOGE-USD"}, {"trade_id": 138983501, "side": "buy", "size": "5.50000000", "price": "0.20112000", "time": "2025-07-14T15:08:27.773782Z", "fetched_at": "2025-07-14T15:10:49.258691+00:00", "symbol": "DOGE-USD"}, {"trade_id": 138983500, "side": "buy", "size": "5.50000000", "price": "0.20114000", "time": "2025-07-14T15:08:27.773782Z", "fetched_at": "2025-07-14T15:10:49.258691+00:00", "symbol": "DOGE-USD"}, {"trade_id": 138983499, "side": "buy", "size": "1473.10000000", "price": "0.20116000", "time": "2025-07-14T15:08:27.369387Z", "fetched_at": "2025-07-14T15:10:49.258691+00:00", "symbol": "DOGE-USD"}, {"trade_id": 138983498, "side": "sell", "size": "5.50000000", "price": "0.20118000", "time": "2025-07-14T15:08:25.586865Z", "fetched_at": "2025-07-14T15:10:49.258691+00:00", "symbol": "DOGE-USD"}, {"trade_id": 138983497, "side": "sell", "size": "121.60000000", "price": "0.20117000", "time": "2025-07-14T15:08:23.846561Z", "fetched_at": "2025-07-14T15:10:49.258691+00:00", "symbol": "DOGE-USD"}, {"trade_id": 138983496, "side": "sell", "size": "41.20000000", "price": "0.20116000", "time": "2025-07-14T15:08:20.145147Z", "fetched_at": "2025-07-14T15:10:49.258691+00:00", "symbol": "DOGE-USD"}, {"trade_id": 138983495, "side": "sell", "size": "518.40000000", "price": "0.20118000", "time": "2025-07-14T15:08:16.361531Z", "fetched_at": "2025-07-14T15:10:49.258691+00:00", "symbol": "DOGE-USD"}, {"trade_id": 138983494, "side": "sell", "size": "5.50000000", "price": "0.20124000", "time": "2025-07-14T15:08:14.872538Z", "fetched_at": "2025-07-14T15:10:49.258691+00:00", "symbol": "DOGE-USD"}, {"trade_id": 138983493, "side": "sell", "size": "5.50000000", "price": "0.20122000", "time": "2025-07-14T15:08:14.094043Z", "fetched_at": "2025-07-14T15:10:49.258691+00:00", "symbol": "DOGE-USD"}, {"trade_id": 138983492, "side": "buy", "size": "2500.00000000", "price": "0.20112000", "time": "2025-07-14T15:08:10.924599Z", "fetched_at": "2025-07-14T15:10:49.258691+00:00", "symbol": "DOGE-USD"}, {"trade_id": 138983491, "side": "buy", "size": "3457.70000000", "price": "0.20112000", "time": "2025-07-14T15:08:10.924599Z", "fetched_at": "2025-07-14T15:10:49.258691+00:00", "symbol": "DOGE-USD"}, {"trade_id": 138983490, "side": "buy", "size": "5.50000000", "price": "0.20112000", "time": "2025-07-14T15:08:10.924599Z", "fetched_at": "2025-07-14T15:10:49.258691+00:00", "symbol": "DOGE-USD"}, {"trade_id": 138983489, "side": "buy", "size": "950.00000000", "price": "0.20113000", "time": "2025-07-14T15:08:10.924599Z", "fetched_at": "2025-07-14T15:10:49.258691+00:00", "symbol": "DOGE-USD"}, {"trade_id": 138983488, "side": "buy", "size": "1493.70000000", "price": "0.20113000", "time": "2025-07-14T15:08:10.922832Z", "fetched_at": "2025-07-14T15:10:49.258691+00:00", "symbol": "DOGE-USD"}, {"trade_id": 138983487, "side": "buy", "size": "2015.90000000", "price": "0.20113000", "time": "2025-07-14T15:08:10.922832Z", "fetched_at": "2025-07-14T15:10:49.258691+00:00", "symbol": "DOGE-USD"}, {"trade_id": 138983486, "side": "buy", "size": "2578.60000000", "price": "0.20114000", "time": "2025-07-14T15:08:10.922832Z", "fetched_at": "2025-07-14T15:10:49.258691+00:00", "symbol": "DOGE-USD"}, {"trade_id": 138983485, "side": "buy", "size": "950.00000000", "price": "0.20114000", "time": "2025-07-14T15:08:10.922832Z", "fetched_at": "2025-07-14T15:10:49.258691+00:00", "symbol": "DOGE-USD"}, {"trade_id": 138983484, "side": "buy", "size": "500.00000000", "price": "0.20114000", "time": "2025-07-14T15:08:10.922832Z", "fetched_at": "2025-07-14T15:10:49.258691+00:00", "symbol": "DOGE-USD"}, {"trade_id": 138983483, "side": "buy", "size": "5.50000000", "price": "0.20114000", "time": "2025-07-14T15:08:10.922832Z", "fetched_at": "2025-07-14T15:10:49.258691+00:00", "symbol": "DOGE-USD"}, {"trade_id": 138983482, "side": "buy", "size": "1845.20000000", "price": "0.20115000", "time": "2025-07-14T15:08:10.922832Z", "fetched_at": "2025-07-14T15:10:49.258691+00:00", "symbol": "DOGE-USD"}, {"trade_id": 138983481, "side": "buy", "size": "5.50000000", "price": "0.20116000", "time": "2025-07-14T15:08:10.922832Z", "fetched_at": "2025-07-14T15:10:49.258691+00:00", "symbol": "DOGE-USD"}, {"trade_id": 138983480, "side": "sell", "size": "250.30000000", "price": "0.20125000", "time": "2025-07-14T15:08:09.943713Z", "fetched_at": "2025-07-14T15:10:49.258691+00:00", "symbol": "DOGE-USD"}, {"trade_id": 138983479, "side": "sell", "size": "1402.10000000", "price": "0.20124000", "time": "2025-07-14T15:08:09.943713Z", "fetched_at": "2025-07-14T15:10:49.258691+00:00", "symbol": "DOGE-USD"}, {"trade_id": 138983478, "side": "sell", "size": "41.10000000", "price": "0.20123000", "time": "2025-07-14T15:08:09.943713Z", "fetched_at": "2025-07-14T15:10:49.258691+00:00", "symbol": "DOGE-USD"}, {"trade_id": 138983477, "side": "sell", "size": "18874.90000000", "price": "0.20121000", "time": "2025-07-14T15:08:09.203366Z", "fetched_at": "2025-07-14T15:10:49.258691+00:00", "symbol": "DOGE-USD"}, {"trade_id": 138983476, "side": "buy", "size": "574.70000000", "price": "0.20121000", "time": "2025-07-14T15:08:04.990219Z", "fetched_at": "2025-07-14T15:10:49.258691+00:00", "symbol": "DOGE-USD"}, {"trade_id": 138983475, "side": "buy", "size": "500.00000000", "price": "0.20116000", "time": "2025-07-14T15:08:04.158541Z", "fetched_at": "2025-07-14T15:10:49.258691+00:00", "symbol": "DOGE-USD"}, {"trade_id": 138983474, "side": "buy", "size": "221.80000000", "price": "0.20117000", "time": "2025-07-14T15:08:04.158541Z", "fetched_at": "2025-07-14T15:10:49.258691+00:00", "symbol": "DOGE-USD"}, {"trade_id": 138983473, "side": "buy", "size": "810.00000000", "price": "0.20118000", "time": "2025-07-14T15:08:04.158541Z", "fetched_at": "2025-07-14T15:10:49.258691+00:00", "symbol": "DOGE-USD"}, {"trade_id": 138983472, "side": "buy", "size": "278.20000000", "price": "0.20117000", "time": "2025-07-14T15:08:04.121784Z", "fetched_at": "2025-07-14T15:10:49.258691+00:00", "symbol": "DOGE-USD"}, {"trade_id": 138983471, "side": "buy", "size": "950.00000000", "price": "0.20116000", "time": "2025-07-14T15:08:04.095961Z", "fetched_at": "2025-07-14T15:10:49.258691+00:00", "symbol": "DOGE-USD"}, {"trade_id": 138983470, "side": "buy", "size": "1672.40000000", "price": "0.20118000", "time": "2025-07-14T15:08:04.084486Z", "fetched_at": "2025-07-14T15:10:49.258691+00:00", "symbol": "DOGE-USD"}, {"trade_id": 138983469, "side": "buy", "size": "1437.40000000", "price": "0.20125000", "time": "2025-07-14T15:08:04.083721Z", "fetched_at": "2025-07-14T15:10:49.258691+00:00", "symbol": "DOGE-USD"}, {"trade_id": 138983468, "side": "buy", "size": "25912.10000000", "price": "0.20115000", "time": "2025-07-14T15:08:04.081419Z", "fetched_at": "2025-07-14T15:10:49.258691+00:00", "symbol": "DOGE-USD"}, {"trade_id": 138983467, "side": "buy", "size": "62139.90000000", "price": "0.20115000", "time": "2025-07-14T15:08:04.081419Z", "fetched_at": "2025-07-14T15:10:49.258691+00:00", "symbol": "DOGE-USD"}, {"trade_id": 138983466, "side": "buy", "size": "5000.00000000", "price": "0.20115000", "time": "2025-07-14T15:08:04.081419Z", "fetched_at": "2025-07-14T15:10:49.258691+00:00", "symbol": "DOGE-USD"}, {"trade_id": 138983465, "side": "buy", "size": "810.00000000", "price": "0.20115000", "time": "2025-07-14T15:08:04.081419Z", "fetched_at": "2025-07-14T15:10:49.258691+00:00", "symbol": "DOGE-USD"}, {"trade_id": 138983464, "side": "buy", "size": "39489.70000000", "price": "0.20116000", "time": "2025-07-14T15:08:04.081419Z", "fetched_at": "2025-07-14T15:10:49.258691+00:00", "symbol": "DOGE-USD"}, {"trade_id": 138983463, "side": "buy", "size": "17951.70000000", "price": "0.20116000", "time": "2025-07-14T15:08:04.081217Z", "fetched_at": "2025-07-14T15:10:49.258691+00:00", "symbol": "DOGE-USD"}, {"trade_id": 138983462, "side": "buy", "size": "3486.00000000", "price": "0.20116000", "time": "2025-07-14T15:08:04.081217Z", "fetched_at": "2025-07-14T15:10:49.258691+00:00", "symbol": "DOGE-USD"}, {"trade_id": 138983461, "side": "buy", "size": "5.50000000", "price": "0.20116000", "time": "2025-07-14T15:08:04.081217Z", "fetched_at": "2025-07-14T15:10:49.258691+00:00", "symbol": "DOGE-USD"}, {"trade_id": 138983460, "side": "buy", "size": "12138.40000000", "price": "0.20117000", "time": "2025-07-14T15:08:04.081217Z", "fetched_at": "2025-07-14T15:10:49.258691+00:00", "symbol": "DOGE-USD"}, {"trade_id": 138983459, "side": "buy", "size": "58355.00000000", "price": "0.20117000", "time": "2025-07-14T15:08:04.080266Z", "fetched_at": "2025-07-14T15:10:49.258691+00:00", "symbol": "DOGE-USD"}, {"trade_id": 138983458, "side": "buy", "size": "810.00000000", "price": "0.20118000", "time": "2025-07-14T15:08:04.080266Z", "fetched_at": "2025-07-14T15:10:49.258691+00:00", "symbol": "DOGE-USD"}, {"trade_id": 138983457, "side": "buy", "size": "5.50000000", "price": "0.20118000", "time": "2025-07-14T15:08:04.080266Z", "fetched_at": "2025-07-14T15:10:49.258691+00:00", "symbol": "DOGE-USD"}, {"trade_id": 138983456, "side": "buy", "size": "5000.00000000", "price": "0.20120000", "time": "2025-07-14T15:08:04.080266Z", "fetched_at": "2025-07-14T15:10:49.258691+00:00", "symbol": "DOGE-USD"}, {"trade_id": 138983455, "side": "buy", "size": "2115.80000000", "price": "0.20120000", "time": "2025-07-14T15:08:04.080266Z", "fetched_at": "2025-07-14T15:10:49.258691+00:00", "symbol": "DOGE-USD"}, {"trade_id": 138983454, "side": "buy", "size": "5.50000000", "price": "0.20120000", "time": "2025-07-14T15:08:04.080266Z", "fetched_at": "2025-07-14T15:10:49.258691+00:00", "symbol": "DOGE-USD"}, {"trade_id": 138983453, "side": "buy", "size": "1975.70000000", "price": "0.20121000", "time": "2025-07-14T15:08:04.080266Z", "fetched_at": "2025-07-14T15:10:49.258691+00:00", "symbol": "DOGE-USD"}, {"trade_id": 138983452, "side": "buy", "size": "1410.40000000", "price": "0.20122000", "time": "2025-07-14T15:08:04.080266Z", "fetched_at": "2025-07-14T15:10:49.258691+00:00", "symbol": "DOGE-USD"}, {"trade_id": 138983451, "side": "buy", "size": "810.00000000", "price": "0.20122000", "time": "2025-07-14T15:08:04.080266Z", "fetched_at": "2025-07-14T15:10:49.258691+00:00", "symbol": "DOGE-USD"}, {"trade_id": 138983450, "side": "buy", "size": "5.50000000", "price": "0.20122000", "time": "2025-07-14T15:08:04.080266Z", "fetched_at": "2025-07-14T15:10:49.258691+00:00", "symbol": "DOGE-USD"}, {"trade_id": 138983449, "side": "buy", "size": "5.50000000", "price": "0.20124000", "time": "2025-07-14T15:08:04.079849Z", "fetched_at": "2025-07-14T15:10:49.258691+00:00", "symbol": "DOGE-USD"}, {"trade_id": 138983448, "side": "buy", "size": "2000.00000000", "price": "0.20125000", "time": "2025-07-14T15:08:04.079085Z", "fetched_at": "2025-07-14T15:10:49.258691+00:00", "symbol": "DOGE-USD"}, {"trade_id": 138983447, "side": "buy", "size": "810.00000000", "price": "0.20125000", "time": "2025-07-14T15:08:04.079085Z", "fetched_at": "2025-07-14T15:10:49.258691+00:00", "symbol": "DOGE-USD"}, {"trade_id": 138983446, "side": "buy", "size": "10000.00000000", "price": "0.20126000", "time": "2025-07-14T15:08:04.078723Z", "fetched_at": "2025-07-14T15:10:49.258691+00:00", "symbol": "DOGE-USD"}, {"trade_id": 138983445, "side": "buy", "size": "1686.00000000", "price": "0.20126000", "time": "2025-07-14T15:08:04.078723Z", "fetched_at": "2025-07-14T15:10:49.258691+00:00", "symbol": "DOGE-USD"}, {"trade_id": 138983444, "side": "buy", "size": "5.50000000", "price": "0.20128000", "time": "2025-07-14T15:08:04.078342Z", "fetched_at": "2025-07-14T15:10:49.258691+00:00", "symbol": "DOGE-USD"}, {"trade_id": 138983443, "side": "buy", "size": "18713.00000000", "price": "0.20128000", "time": "2025-07-14T15:08:04.078342Z", "fetched_at": "2025-07-14T15:10:49.258691+00:00", "symbol": "DOGE-USD"}, {"trade_id": 138983442, "side": "buy", "size": "2500.00000000", "price": "0.20129000", "time": "2025-07-14T15:08:04.078260Z", "fetched_at": "2025-07-14T15:10:49.258691+00:00", "symbol": "DOGE-USD"}, {"trade_id": 138983441, "side": "buy", "size": "9444.50000000", "price": "0.20129000", "time": "2025-07-14T15:08:04.078260Z", "fetched_at": "2025-07-14T15:10:49.258691+00:00", "symbol": "DOGE-USD"}, {"trade_id": 138983440, "side": "buy", "size": "2017.20000000", "price": "0.20129000", "time": "2025-07-14T15:08:04.078260Z", "fetched_at": "2025-07-14T15:10:49.258691+00:00", "symbol": "DOGE-USD"}, {"trade_id": 138983439, "side": "buy", "size": "5.50000000", "price": "0.20130000", "time": "2025-07-14T15:08:04.078260Z", "fetched_at": "2025-07-14T15:10:49.258691+00:00", "symbol": "DOGE-USD"}, {"trade_id": 138983438, "side": "buy", "size": "5.50000000", "price": "0.20132000", "time": "2025-07-14T15:08:04.078197Z", "fetched_at": "2025-07-14T15:10:49.258691+00:00", "symbol": "DOGE-USD"}, {"trade_id": 138983437, "side": "sell", "size": "2.20000000", "price": "0.20140000", "time": "2025-07-14T15:08:00.773621Z", "fetched_at": "2025-07-14T15:10:49.258691+00:00", "symbol": "DOGE-USD"}, {"trade_id": 138983436, "side": "sell", "size": "5.50000000", "price": "0.20140000", "time": "2025-07-14T15:08:00.773621Z", "fetched_at": "2025-07-14T15:10:49.258691+00:00", "symbol": "DOGE-USD"}, {"trade_id": 138983435, "side": "sell", "size": "5.50000000", "price": "0.20138000", "time": "2025-07-14T15:08:00.702680Z", "fetched_at": "2025-07-14T15:10:49.258691+00:00", "symbol": "DOGE-USD"}, {"trade_id": 138983434, "side": "buy", "size": "99.30000000", "price": "0.20137000", "time": "2025-07-14T15:08:00.614690Z", "fetched_at": "2025-07-14T15:10:49.258691+00:00", "symbol": "DOGE-USD"}, {"trade_id": 138983433, "side": "sell", "size": "5.50000000", "price": "0.20136000", "time": "2025-07-14T15:07:59.638882Z", "fetched_at": "2025-07-14T15:10:49.258691+00:00", "symbol": "DOGE-USD"}, {"trade_id": 138983432, "side": "sell", "size": "41.10000000", "price": "0.20132000", "time": "2025-07-14T15:07:57.280430Z", "fetched_at": "2025-07-14T15:10:49.258691+00:00", "symbol": "DOGE-USD"}, {"trade_id": 138983431, "side": "buy", "size": "1737.30000000", "price": "0.20125000", "time": "2025-07-14T15:07:56.737781Z", "fetched_at": "2025-07-14T15:10:49.258691+00:00", "symbol": "DOGE-USD"}, {"trade_id": 138983430, "side": "buy", "size": "1419.50000000", "price": "0.20126000", "time": "2025-07-14T15:07:56.737781Z", "fetched_at": "2025-07-14T15:10:49.258691+00:00", "symbol": "DOGE-USD"}, {"trade_id": 138983429, "side": "buy", "size": "5.50000000", "price": "0.20126000", "time": "2025-07-14T15:07:56.737781Z", "fetched_at": "2025-07-14T15:10:49.258691+00:00", "symbol": "DOGE-USD"}, {"trade_id": 138983428, "side": "buy", "size": "1526.30000000", "price": "0.20128000", "time": "2025-07-14T15:07:56.737781Z", "fetched_at": "2025-07-14T15:10:49.258691+00:00", "symbol": "DOGE-USD"}, {"trade_id": 138983427, "side": "buy", "size": "278.20000000", "price": "0.20128000", "time": "2025-07-14T15:07:56.737781Z", "fetched_at": "2025-07-14T15:10:49.258691+00:00", "symbol": "DOGE-USD"}, {"trade_id": 138983426, "side": "buy", "size": "1139.00000000", "price": "0.20123000", "time": "2025-07-14T15:07:46.581411Z", "fetched_at": "2025-07-14T15:10:49.258691+00:00", "symbol": "DOGE-USD"}, {"trade_id": 138983425, "side": "buy", "size": "1345.50000000", "price": "0.20124000", "time": "2025-07-14T15:07:46.581411Z", "fetched_at": "2025-07-14T15:10:49.258691+00:00", "symbol": "DOGE-USD"}, {"trade_id": 138983424, "side": "buy", "size": "193.60000000", "price": "0.20124000", "time": "2025-07-14T15:07:46.386206Z", "fetched_at": "2025-07-14T15:10:49.258691+00:00", "symbol": "DOGE-USD"}, {"trade_id": 138983423, "side": "buy", "size": "950.80000000", "price": "0.20124000", "time": "2025-07-14T15:07:46.386206Z", "fetched_at": "2025-07-14T15:10:49.258691+00:00", "symbol": "DOGE-USD"}, {"trade_id": 138983422, "side": "buy", "size": "445.30000000", "price": "0.20124000", "time": "2025-07-14T15:07:45.632406Z", "fetched_at": "2025-07-14T15:10:49.258691+00:00", "symbol": "DOGE-USD"}, {"trade_id": 138983421, "side": "buy", "size": "5.50000000", "price": "0.20124000", "time": "2025-07-14T15:07:45.632406Z", "fetched_at": "2025-07-14T15:10:49.258691+00:00", "symbol": "DOGE-USD"}, {"trade_id": 138983420, "side": "buy", "size": "5.50000000", "price": "0.20126000", "time": "2025-07-14T15:07:45.632406Z", "fetched_at": "2025-07-14T15:10:49.258691+00:00", "symbol": "DOGE-USD"}, {"trade_id": 138983419, "side": "buy", "size": "5.50000000", "price": "0.20128000", "time": "2025-07-14T15:07:45.632406Z", "fetched_at": "2025-07-14T15:10:49.258691+00:00", "symbol": "DOGE-USD"}, {"trade_id": 138983418, "side": "buy", "size": "5.50000000", "price": "0.20130000", "time": "2025-07-14T15:07:45.549614Z", "fetched_at": "2025-07-14T15:10:49.258691+00:00", "symbol": "DOGE-USD"}, {"trade_id": 138983417, "side": "buy", "size": "5.50000000", "price": "0.20132000", "time": "2025-07-14T15:07:45.415637Z", "fetched_at": "2025-07-14T15:10:49.258691+00:00", "symbol": "DOGE-USD"}, {"trade_id": 138983416, "side": "sell", "size": "23.40000000", "price": "0.20135000", "time": "2025-07-14T15:07:43.817942Z", "fetched_at": "2025-07-14T15:10:49.258691+00:00", "symbol": "DOGE-USD"}, {"trade_id": 138983415, "side": "sell", "size": "41.10000000", "price": "0.20134000", "time": "2025-07-14T15:07:43.817942Z", "fetched_at": "2025-07-14T15:10:49.258691+00:00", "symbol": "DOGE-USD"}, {"trade_id": 138983414, "side": "sell", "size": "1.40000000", "price": "0.20139000", "time": "2025-07-14T15:07:40.536890Z", "fetched_at": "2025-07-14T15:10:49.258691+00:00", "symbol": "DOGE-USD"}, {"trade_id": 138983413, "side": "sell", "size": "5.50000000", "price": "0.20140000", "time": "2025-07-14T15:07:38.212075Z", "fetched_at": "2025-07-14T15:10:49.258691+00:00", "symbol": "DOGE-USD"}, {"trade_id": 138983412, "side": "sell", "size": "5.50000000", "price": "0.20138000", "time": "2025-07-14T15:07:37.889082Z", "fetched_at": "2025-07-14T15:10:49.258691+00:00", "symbol": "DOGE-USD"}, {"trade_id": 138983411, "side": "sell", "size": "950.00000000", "price": "0.20137000", "time": "2025-07-14T15:07:37.779308Z", "fetched_at": "2025-07-14T15:10:49.258691+00:00", "symbol": "DOGE-USD"}, {"trade_id": 138983410, "side": "sell", "size": "5.50000000", "price": "0.20136000", "time": "2025-07-14T15:07:36.768994Z", "fetched_at": "2025-07-14T15:10:49.258691+00:00", "symbol": "DOGE-USD"}, {"trade_id": 138983409, "side": "sell", "size": "5.50000000", "price": "0.20134000", "time": "2025-07-14T15:07:36.725118Z", "fetched_at": "2025-07-14T15:10:49.258691+00:00", "symbol": "DOGE-USD"}, {"trade_id": 138983408, "side": "buy", "size": "196.40000000", "price": "0.20133000", "time": "2025-07-14T15:07:35.421477Z", "fetched_at": "2025-07-14T15:10:49.258691+00:00", "symbol": "DOGE-USD"}, {"trade_id": 138983407, "side": "buy", "size": "388.50000000", "price": "0.20122000", "time": "2025-07-14T15:07:34.747289Z", "fetched_at": "2025-07-14T15:10:49.258691+00:00", "symbol": "DOGE-USD"}, {"trade_id": 138983406, "side": "buy", "size": "5.50000000", "price": "0.20122000", "time": "2025-07-14T15:07:34.747289Z", "fetched_at": "2025-07-14T15:10:49.258691+00:00", "symbol": "DOGE-USD"}, {"trade_id": 138983405, "side": "buy", "size": "1993.40000000", "price": "0.20124000", "time": "2025-07-14T15:07:34.747289Z", "fetched_at": "2025-07-14T15:10:49.258691+00:00", "symbol": "DOGE-USD"}, {"trade_id": 138983404, "side": "buy", "size": "5.50000000", "price": "0.20124000", "time": "2025-07-14T15:07:34.747289Z", "fetched_at": "2025-07-14T15:10:49.258691+00:00", "symbol": "DOGE-USD"}, {"trade_id": 138983403, "side": "buy", "size": "810.00000000", "price": "0.20125000", "time": "2025-07-14T15:07:34.747289Z", "fetched_at": "2025-07-14T15:10:49.258691+00:00", "symbol": "DOGE-USD"}, {"trade_id": 138983402, "side": "buy", "size": "5.50000000", "price": "0.20126000", "time": "2025-07-14T15:07:34.747289Z", "fetched_at": "2025-07-14T15:10:49.258691+00:00", "symbol": "DOGE-USD"}, {"trade_id": 138983401, "side": "buy", "size": "2500.00000000", "price": "0.20128000", "time": "2025-07-14T15:07:34.747289Z", "fetched_at": "2025-07-14T15:10:49.258691+00:00", "symbol": "DOGE-USD"}, {"trade_id": 138983400, "side": "buy", "size": "5.50000000", "price": "0.20128000", "time": "2025-07-14T15:07:34.747289Z", "fetched_at": "2025-07-14T15:10:49.258691+00:00", "symbol": "DOGE-USD"}, {"trade_id": 138983399, "side": "buy", "size": "3383.70000000", "price": "0.20129000", "time": "2025-07-14T15:07:34.747289Z", "fetched_at": "2025-07-14T15:10:49.258691+00:00", "symbol": "DOGE-USD"}, {"trade_id": 138983398, "side": "buy", "size": "1488.40000000", "price": "0.20129000", "time": "2025-07-14T15:07:34.747289Z", "fetched_at": "2025-07-14T15:10:49.258691+00:00", "symbol": "DOGE-USD"}, {"trade_id": 138983397, "side": "buy", "size": "950.00000000", "price": "0.20129000", "time": "2025-07-14T15:07:34.747289Z", "fetched_at": "2025-07-14T15:10:49.258691+00:00", "symbol": "DOGE-USD"}, {"trade_id": 138983396, "side": "buy", "size": "500.00000000", "price": "0.20130000", "time": "2025-07-14T15:07:34.747289Z", "fetched_at": "2025-07-14T15:10:49.258691+00:00", "symbol": "DOGE-USD"}, {"trade_id": 138983395, "side": "buy", "size": "1429.50000000", "price": "0.20133000", "time": "2025-07-14T15:07:34.747289Z", "fetched_at": "2025-07-14T15:10:49.258691+00:00", "symbol": "DOGE-USD"}, {"trade_id": 138983394, "side": "buy", "size": "1534.50000000", "price": "0.20133000", "time": "2025-07-14T15:07:34.747289Z", "fetched_at": "2025-07-14T15:10:49.258691+00:00", "symbol": "DOGE-USD"}, {"trade_id": 138983393, "side": "buy", "size": "1194.20000000", "price": "0.20131000", "time": "2025-07-14T15:07:33.823508Z", "fetched_at": "2025-07-14T15:10:49.258691+00:00", "symbol": "DOGE-USD"}, {"trade_id": 138983392, "side": "buy", "size": "1444.70000000", "price": "0.20131000", "time": "2025-07-14T15:07:33.823508Z", "fetched_at": "2025-07-14T15:10:49.258691+00:00", "symbol": "DOGE-USD"}, {"trade_id": 138983391, "side": "buy", "size": "278.20000000", "price": "0.20131000", "time": "2025-07-14T15:07:33.823508Z", "fetched_at": "2025-07-14T15:10:49.258691+00:00", "symbol": "DOGE-USD"}, {"trade_id": 138983390, "side": "sell", "size": "5.50000000", "price": "0.20132000", "time": "2025-07-14T15:07:31.010158Z", "fetched_at": "2025-07-14T15:10:49.258691+00:00", "symbol": "DOGE-USD"}, {"trade_id": 138983389, "side": "sell", "size": "2.40000000", "price": "0.20127000", "time": "2025-07-14T15:07:28.780021Z", "fetched_at": "2025-07-14T15:10:49.258691+00:00", "symbol": "DOGE-USD"}, {"trade_id": 138983388, "side": "buy", "size": "944.50000000", "price": "0.20127000", "time": "2025-07-14T15:07:27.524385Z", "fetched_at": "2025-07-14T15:10:49.258691+00:00", "symbol": "DOGE-USD"}, {"trade_id": 138983387, "side": "buy", "size": "5.50000000", "price": "0.20128000", "time": "2025-07-14T15:07:27.524385Z", "fetched_at": "2025-07-14T15:10:49.258691+00:00", "symbol": "DOGE-USD"}, {"trade_id": 138983386, "side": "buy", "size": "5.50000000", "price": "0.20130000", "time": "2025-07-14T15:07:24.187840Z", "fetched_at": "2025-07-14T15:10:49.258691+00:00", "symbol": "DOGE-USD"}, {"trade_id": 138983385, "side": "buy", "size": "5.50000000", "price": "0.20132000", "time": "2025-07-14T15:07:23.975765Z", "fetched_at": "2025-07-14T15:10:49.258691+00:00", "symbol": "DOGE-USD"}, {"trade_id": 138983384, "side": "buy", "size": "5.50000000", "price": "0.20136000", "time": "2025-07-14T15:07:23.115998Z", "fetched_at": "2025-07-14T15:10:49.258691+00:00", "symbol": "DOGE-USD"}, {"trade_id": 138983383, "side": "sell", "size": "3415.20000000", "price": "0.20145000", "time": "2025-07-14T15:07:21.148468Z", "fetched_at": "2025-07-14T15:10:49.258691+00:00", "symbol": "DOGE-USD"}, {"trade_id": 138983382, "side": "sell", "size": "5.50000000", "price": "0.20144000", "time": "2025-07-14T15:07:21.148468Z", "fetched_at": "2025-07-14T15:10:49.258691+00:00", "symbol": "DOGE-USD"}, {"trade_id": 138983381, "side": "sell", "size": "41.10000000", "price": "0.20143000", "time": "2025-07-14T15:07:20.953569Z", "fetched_at": "2025-07-14T15:10:49.258691+00:00", "symbol": "DOGE-USD"}, {"trade_id": 138983380, "side": "sell", "size": "1457.10000000", "price": "0.20142000", "time": "2025-07-14T15:07:20.949669Z", "fetched_at": "2025-07-14T15:10:49.258691+00:00", "symbol": "DOGE-USD"}, {"trade_id": 138983379, "side": "sell", "size": "1933.90000000", "price": "0.20142000", "time": "2025-07-14T15:07:20.949669Z", "fetched_at": "2025-07-14T15:10:49.258691+00:00", "symbol": "DOGE-USD"}, {"trade_id": 138983378, "side": "sell", "size": "187.70000000", "price": "0.20142000", "time": "2025-07-14T15:07:20.949323Z", "fetched_at": "2025-07-14T15:10:49.258691+00:00", "symbol": "DOGE-USD"}, {"trade_id": 138983377, "side": "sell", "size": "5.50000000", "price": "0.20142000", "time": "2025-07-14T15:07:20.949323Z", "fetched_at": "2025-07-14T15:10:49.258691+00:00", "symbol": "DOGE-USD"}, {"trade_id": 138983376, "side": "sell", "size": "1557.10000000", "price": "0.20139000", "time": "2025-07-14T15:07:19.957862Z", "fetched_at": "2025-07-14T15:10:49.258691+00:00", "symbol": "DOGE-USD"}, {"trade_id": 138983375, "side": "buy", "size": "24.80000000", "price": "0.20137000", "time": "2025-07-14T15:07:17.468911Z", "fetched_at": "2025-07-14T15:10:49.258691+00:00", "symbol": "DOGE-USD"}, {"trade_id": 138983374, "side": "sell", "size": "1594.00000000", "price": "0.20137000", "time": "2025-07-14T15:07:16.323531Z", "fetched_at": "2025-07-14T15:10:49.258691+00:00", "symbol": "DOGE-USD"}, {"trade_id": 138983373, "side": "sell", "size": "1557.90000000", "price": "0.20135000", "time": "2025-07-14T15:07:16.169335Z", "fetched_at": "2025-07-14T15:10:49.258691+00:00", "symbol": "DOGE-USD"}, {"trade_id": 138983372, "side": "sell", "size": "1393.30000000", "price": "0.20134000", "time": "2025-07-14T15:07:15.990711Z", "fetched_at": "2025-07-14T15:10:49.258691+00:00", "symbol": "DOGE-USD"}, {"trade_id": 138983371, "side": "sell", "size": "484.60000000", "price": "0.20140000", "time": "2025-07-14T15:07:13.790827Z", "fetched_at": "2025-07-14T15:10:49.258691+00:00", "symbol": "DOGE-USD"}, {"trade_id": 138983370, "side": "sell", "size": "5.50000000", "price": "0.20140000", "time": "2025-07-14T15:07:13.790827Z", "fetched_at": "2025-07-14T15:10:49.258691+00:00", "symbol": "DOGE-USD"}, {"trade_id": 138983369, "side": "sell", "size": "5.50000000", "price": "0.20138000", "time": "2025-07-14T15:07:13.790827Z", "fetched_at": "2025-07-14T15:10:49.258691+00:00", "symbol": "DOGE-USD"}, {"trade_id": 138983368, "side": "sell", "size": "5.50000000", "price": "0.20136000", "time": "2025-07-14T15:07:13.446093Z", "fetched_at": "2025-07-14T15:10:49.258691+00:00", "symbol": "DOGE-USD"}, {"trade_id": 138983367, "side": "sell", "size": "5.50000000", "price": "0.20134000", "time": "2025-07-14T15:07:12.686395Z", "fetched_at": "2025-07-14T15:10:49.258691+00:00", "symbol": "DOGE-USD"}, {"trade_id": 138983366, "side": "sell", "size": "5.50000000", "price": "0.20132000", "time": "2025-07-14T15:07:12.417286Z", "fetched_at": "2025-07-14T15:10:49.258691+00:00", "symbol": "DOGE-USD"}, {"trade_id": 138983365, "side": "sell", "size": "3783.50000000", "price": "0.20132000", "time": "2025-07-14T15:07:12.417286Z", "fetched_at": "2025-07-14T15:10:49.258691+00:00", "symbol": "DOGE-USD"}, {"trade_id": 138983364, "side": "sell", "size": "5.50000000", "price": "0.20130000", "time": "2025-07-14T15:07:12.417286Z", "fetched_at": "2025-07-14T15:10:49.258691+00:00", "symbol": "DOGE-USD"}, {"trade_id": 138983363, "side": "buy", "size": "1572.60000000", "price": "0.20126000", "time": "2025-07-14T15:07:12.026918Z", "fetched_at": "2025-07-14T15:10:49.258691+00:00", "symbol": "DOGE-USD"}, {"trade_id": 138983362, "side": "buy", "size": "1356.80000000", "price": "0.20129000", "time": "2025-07-14T15:07:12.026918Z", "fetched_at": "2025-07-14T15:10:49.258691+00:00", "symbol": "DOGE-USD"}, {"trade_id": 138983361, "side": "buy", "size": "183.00000000", "price": "0.20129000", "time": "2025-07-14T15:07:12.026918Z", "fetched_at": "2025-07-14T15:10:49.258691+00:00", "symbol": "DOGE-USD"}, {"trade_id": 138983360, "side": "buy", "size": "1305.50000000", "price": "0.20129000", "time": "2025-07-14T15:07:12.026918Z", "fetched_at": "2025-07-14T15:10:49.258691+00:00", "symbol": "DOGE-USD"}, {"trade_id": 138983359, "side": "buy", "size": "567.40000000", "price": "0.20129000", "time": "2025-07-14T15:07:10.601221Z", "fetched_at": "2025-07-14T15:10:49.258691+00:00", "symbol": "DOGE-USD"}, {"trade_id": 138983358, "side": "sell", "size": "5.50000000", "price": "0.20128000", "time": "2025-07-14T15:07:10.432343Z", "fetched_at": "2025-07-14T15:10:49.258691+00:00", "symbol": "DOGE-USD"}, {"trade_id": 138983357, "side": "sell", "size": "5.50000000", "price": "0.20126000", "time": "2025-07-14T15:07:10.174804Z", "fetched_at": "2025-07-14T15:10:49.258691+00:00", "symbol": "DOGE-USD"}, {"trade_id": 138983356, "side": "sell", "size": "5.50000000", "price": "0.20124000", "time": "2025-07-14T15:07:10.082088Z", "fetched_at": "2025-07-14T15:10:49.258691+00:00", "symbol": "DOGE-USD"}, {"trade_id": 138983355, "side": "sell", "size": "41.10000000", "price": "0.20123000", "time": "2025-07-14T15:07:09.982310Z", "fetched_at": "2025-07-14T15:10:49.258691+00:00", "symbol": "DOGE-USD"}, {"trade_id": 138983354, "side": "sell", "size": "1909.00000000", "price": "0.20123000", "time": "2025-07-14T15:07:09.982310Z", "fetched_at": "2025-07-14T15:10:49.258691+00:00", "symbol": "DOGE-USD"}, {"trade_id": 138983353, "side": "sell", "size": "5.50000000", "price": "0.20122000", "time": "2025-07-14T15:07:08.088157Z", "fetched_at": "2025-07-14T15:10:49.258691+00:00", "symbol": "DOGE-USD"}, {"trade_id": 138983352, "side": "sell", "size": "41.10000000", "price": "0.20121000", "time": "2025-07-14T15:07:07.890720Z", "fetched_at": "2025-07-14T15:10:49.258691+00:00", "symbol": "DOGE-USD"}, {"trade_id": 138983351, "side": "sell", "size": "5.50000000", "price": "0.20120000", "time": "2025-07-14T15:07:07.879414Z", "fetched_at": "2025-07-14T15:10:49.258691+00:00", "symbol": "DOGE-USD"}, {"trade_id": 138983350, "side": "sell", "size": "4.90000000", "price": "0.20118000", "time": "2025-07-14T15:07:07.507389Z", "fetched_at": "2025-07-14T15:10:49.258691+00:00", "symbol": "DOGE-USD"}, {"trade_id": 138983349, "side": "sell", "size": "1949.00000000", "price": "0.20119000", "time": "2025-07-14T15:07:05.723305Z", "fetched_at": "2025-07-14T15:10:49.258691+00:00", "symbol": "DOGE-USD"}, {"trade_id": 138983348, "side": "buy", "size": "1107.90000000", "price": "0.20118000", "time": "2025-07-14T15:07:05.718314Z", "fetched_at": "2025-07-14T15:10:49.258691+00:00", "symbol": "DOGE-USD"}, {"trade_id": 138983347, "side": "sell", "size": "96.80000000", "price": "0.20115000", "time": "2025-07-14T15:07:03.179862Z", "fetched_at": "2025-07-14T15:10:49.258691+00:00", "symbol": "DOGE-USD"}, {"trade_id": 138983346, "side": "sell", "size": "5.50000000", "price": "0.20116000", "time": "2025-07-14T15:07:01.897924Z", "fetched_at": "2025-07-14T15:10:49.258691+00:00", "symbol": "DOGE-USD"}, {"trade_id": 138983345, "side": "sell", "size": "5.50000000", "price": "0.20114000", "time": "2025-07-14T15:07:01.778627Z", "fetched_at": "2025-07-14T15:10:49.258691+00:00", "symbol": "DOGE-USD"}, {"trade_id": 138983344, "side": "sell", "size": "5.50000000", "price": "0.20112000", "time": "2025-07-14T15:07:00.864290Z", "fetched_at": "2025-07-14T15:10:49.258691+00:00", "symbol": "DOGE-USD"}, {"trade_id": 138983343, "side": "sell", "size": "5.50000000", "price": "0.20108000", "time": "2025-07-14T15:07:00.690353Z", "fetched_at": "2025-07-14T15:10:49.258691+00:00", "symbol": "DOGE-USD"}, {"trade_id": 138983342, "side": "sell", "size": "5.50000000", "price": "0.20106000", "time": "2025-07-14T15:07:00.603909Z", "fetched_at": "2025-07-14T15:10:49.258691+00:00", "symbol": "DOGE-USD"}, {"trade_id": 138983341, "side": "sell", "size": "2739.80000000", "price": "0.20102000", "time": "2025-07-14T15:06:58.756435Z", "fetched_at": "2025-07-14T15:10:49.258691+00:00", "symbol": "DOGE-USD"}, {"trade_id": 138983340, "side": "buy", "size": "100.80000000", "price": "0.20100000", "time": "2025-07-14T15:06:57.214621Z", "fetched_at": "2025-07-14T15:10:49.258691+00:00", "symbol": "DOGE-USD"}, {"trade_id": 138983339, "side": "buy", "size": "0.40000000", "price": "0.20101000", "time": "2025-07-14T15:06:57.214621Z", "fetched_at": "2025-07-14T15:10:49.258691+00:00", "symbol": "DOGE-USD"}, {"trade_id": 138983338, "side": "buy", "size": "24.90000000", "price": "0.20106000", "time": "2025-07-14T15:06:55.021259Z", "fetched_at": "2025-07-14T15:10:49.258691+00:00", "symbol": "DOGE-USD"}, {"trade_id": 138983337, "side": "buy", "size": "3.70000000", "price": "0.20105000", "time": "2025-07-14T15:06:53.363678Z", "fetched_at": "2025-07-14T15:10:49.258691+00:00", "symbol": "DOGE-USD"}, {"trade_id": 138983336, "side": "sell", "size": "0.10000000", "price": "0.20106000", "time": "2025-07-14T15:06:53.085280Z", "fetched_at": "2025-07-14T15:10:49.258691+00:00", "symbol": "DOGE-USD"}, {"trade_id": 138983335, "side": "sell", "size": "41.20000000", "price": "0.20103000", "time": "2025-07-14T15:06:51.918646Z", "fetched_at": "2025-07-14T15:10:49.258691+00:00", "symbol": "DOGE-USD"}, {"trade_id": 138983334, "side": "sell", "size": "1438.70000000", "price": "0.20102000", "time": "2025-07-14T15:06:51.801472Z", "fetched_at": "2025-07-14T15:10:49.258691+00:00", "symbol": "DOGE-USD"}, {"trade_id": 138983333, "side": "sell", "size": "41.20000000", "price": "0.20101000", "time": "2025-07-14T15:06:51.801472Z", "fetched_at": "2025-07-14T15:10:49.258691+00:00", "symbol": "DOGE-USD"}, {"trade_id": 138983332, "side": "sell", "size": "810.00000000", "price": "0.20100000", "time": "2025-07-14T15:06:51.798535Z", "fetched_at": "2025-07-14T15:10:49.258691+00:00", "symbol": "DOGE-USD"}, {"trade_id": 138983331, "side": "sell", "size": "5.50000000", "price": "0.20100000", "time": "2025-07-14T15:06:51.798535Z", "fetched_at": "2025-07-14T15:10:49.258691+00:00", "symbol": "DOGE-USD"}, {"trade_id": 138983330, "side": "sell", "size": "41.20000000", "price": "0.20095000", "time": "2025-07-14T15:06:51.435510Z", "fetched_at": "2025-07-14T15:10:49.258691+00:00", "symbol": "DOGE-USD"}, {"trade_id": 138983329, "side": "sell", "size": "41.20000000", "price": "0.20091000", "time": "2025-07-14T15:06:51.390484Z", "fetched_at": "2025-07-14T15:10:49.258691+00:00", "symbol": "DOGE-USD"}, {"trade_id": 138983328, "side": "sell", "size": "70493.40000000", "price": "0.20088000", "time": "2025-07-14T15:06:51.311573Z", "fetched_at": "2025-07-14T15:10:49.258691+00:00", "symbol": "DOGE-USD"}, {"trade_id": 138983327, "side": "sell", "size": "5.50000000", "price": "0.20088000", "time": "2025-07-14T15:06:51.311573Z", "fetched_at": "2025-07-14T15:10:49.258691+00:00", "symbol": "DOGE-USD"}, {"trade_id": 138983326, "side": "sell", "size": "14759.00000000", "price": "0.20086000", "time": "2025-07-14T15:06:51.291055Z", "fetched_at": "2025-07-14T15:10:49.258691+00:00", "symbol": "DOGE-USD"}, {"trade_id": 138983325, "side": "sell", "size": "947.20000000", "price": "0.20085000", "time": "2025-07-14T15:06:51.291055Z", "fetched_at": "2025-07-14T15:10:49.258691+00:00", "symbol": "DOGE-USD"}, {"trade_id": 138983324, "side": "sell", "size": "1313.00000000", "price": "0.20085000", "time": "2025-07-14T15:06:51.291055Z", "fetched_at": "2025-07-14T15:10:49.258691+00:00", "symbol": "DOGE-USD"}, {"trade_id": 138983323, "side": "sell", "size": "1936.30000000", "price": "0.20085000", "time": "2025-07-14T15:06:51.291055Z", "fetched_at": "2025-07-14T15:10:49.258691+00:00", "symbol": "DOGE-USD"}, {"trade_id": 138983322, "side": "sell", "size": "1524.90000000", "price": "0.20084000", "time": "2025-07-14T15:06:51.291055Z", "fetched_at": "2025-07-14T15:10:49.258691+00:00", "symbol": "DOGE-USD"}, {"trade_id": 138983321, "side": "sell", "size": "993.00000000", "price": "0.20084000", "time": "2025-07-14T15:06:51.290599Z", "fetched_at": "2025-07-14T15:10:49.258691+00:00", "symbol": "DOGE-USD"}, {"trade_id": 138983320, "side": "sell", "size": "3396.70000000", "price": "0.20084000", "time": "2025-07-14T15:06:51.290599Z", "fetched_at": "2025-07-14T15:10:49.258691+00:00", "symbol": "DOGE-USD"}, {"trade_id": 138983319, "side": "sell", "size": "2799.50000000", "price": "0.20084000", "time": "2025-07-14T15:06:51.290599Z", "fetched_at": "2025-07-14T15:10:49.258691+00:00", "symbol": "DOGE-USD"}, {"trade_id": 138983318, "side": "sell", "size": "5.50000000", "price": "0.20084000", "time": "2025-07-14T15:06:51.290599Z", "fetched_at": "2025-07-14T15:10:49.258691+00:00", "symbol": "DOGE-USD"}, {"trade_id": 138983317, "side": "sell", "size": "41.20000000", "price": "0.20083000", "time": "2025-07-14T15:06:51.290599Z", "fetched_at": "2025-07-14T15:10:49.258691+00:00", "symbol": "DOGE-USD"}, {"trade_id": 138983316, "side": "buy", "size": "1103.90000000", "price": "0.20083000", "time": "2025-07-14T15:06:51.010145Z", "fetched_at": "2025-07-14T15:10:49.258691+00:00", "symbol": "DOGE-USD"}, {"trade_id": 138983315, "side": "buy", "size": "278.20000000", "price": "0.20083000", "time": "2025-07-14T15:06:51.009696Z", "fetched_at": "2025-07-14T15:10:49.258691+00:00", "symbol": "DOGE-USD"}, {"trade_id": 138983314, "side": "buy", "size": "120.00000000", "price": "0.20081000", "time": "2025-07-14T15:06:50.948271Z", "fetched_at": "2025-07-14T15:10:49.258691+00:00", "symbol": "DOGE-USD"}, {"trade_id": 138983313, "side": "sell", "size": "41.20000000", "price": "0.20082000", "time": "2025-07-14T15:06:50.945337Z", "fetched_at": "2025-07-14T15:10:49.258691+00:00", "symbol": "DOGE-USD"}, {"trade_id": 138983312, "side": "sell", "size": "0.10000000", "price": "0.20080000", "time": "2025-07-14T15:06:50.833362Z", "fetched_at": "2025-07-14T15:10:49.258691+00:00", "symbol": "DOGE-USD"}, {"trade_id": 138983311, "side": "sell", "size": "831.30000000", "price": "0.20080000", "time": "2025-07-14T15:06:50.832841Z", "fetched_at": "2025-07-14T15:10:49.258691+00:00", "symbol": "DOGE-USD"}, {"trade_id": 138983310, "side": "sell", "size": "1333.80000000", "price": "0.20080000", "time": "2025-07-14T15:06:50.747622Z", "fetched_at": "2025-07-14T15:10:49.258691+00:00", "symbol": "DOGE-USD"}, {"trade_id": 138983309, "side": "sell", "size": "5.50000000", "price": "0.20080000", "time": "2025-07-14T15:06:50.747622Z", "fetched_at": "2025-07-14T15:10:49.258691+00:00", "symbol": "DOGE-USD"}, {"trade_id": 138983308, "side": "sell", "size": "35.60000000", "price": "0.20080000", "time": "2025-07-14T15:06:50.732977Z", "fetched_at": "2025-07-14T15:10:49.258691+00:00", "symbol": "DOGE-USD"}, {"trade_id": 138983307, "side": "sell", "size": "5.50000000", "price": "0.20080000", "time": "2025-07-14T15:06:50.732977Z", "fetched_at": "2025-07-14T15:10:49.258691+00:00", "symbol": "DOGE-USD"}, {"trade_id": 138983306, "side": "sell", "size": "1380.40000000", "price": "0.20079000", "time": "2025-07-14T15:06:50.722828Z", "fetched_at": "2025-07-14T15:10:49.258691+00:00", "symbol": "DOGE-USD"}, {"trade_id": 138983305, "side": "sell", "size": "0.10000000", "price": "0.20079000", "time": "2025-07-14T15:06:50.508828Z", "fetched_at": "2025-07-14T15:10:49.258691+00:00", "symbol": "DOGE-USD"}, {"trade_id": 138983304, "side": "sell", "size": "18782.80000000", "price": "0.20078000", "time": "2025-07-14T15:06:49.973878Z", "fetched_at": "2025-07-14T15:10:49.258691+00:00", "symbol": "DOGE-USD"}, {"trade_id": 138983303, "side": "sell", "size": "634.20000000", "price": "0.20076000", "time": "2025-07-14T15:06:49.973878Z", "fetched_at": "2025-07-14T15:10:49.258691+00:00", "symbol": "DOGE-USD"}, {"trade_id": 138983302, "side": "sell", "size": "18782.50000000", "price": "0.20075000", "time": "2025-07-14T15:06:49.415327Z", "fetched_at": "2025-07-14T15:10:49.258691+00:00", "symbol": "DOGE-USD"}, {"trade_id": 138983301, "side": "sell", "size": "634.20000000", "price": "0.20074000", "time": "2025-07-14T15:06:49.415327Z", "fetched_at": "2025-07-14T15:10:49.258691+00:00", "symbol": "DOGE-USD"}, {"trade_id": 138983300, "side": "sell", "size": "1313.00000000", "price": "0.20072000", "time": "2025-07-14T15:06:49.246797Z", "fetched_at": "2025-07-14T15:10:49.258691+00:00", "symbol": "DOGE-USD"}, {"trade_id": 138983299, "side": "sell", "size": "1753.30000000", "price": "0.20072000", "time": "2025-07-14T15:06:49.246797Z", "fetched_at": "2025-07-14T15:10:49.258691+00:00", "symbol": "DOGE-USD"}, {"trade_id": 138983298, "side": "sell", "size": "18771.70000000", "price": "0.20071000", "time": "2025-07-14T15:06:49.230260Z", "fetched_at": "2025-07-14T15:10:49.258691+00:00", "symbol": "DOGE-USD"}, {"trade_id": 138983297, "side": "sell", "size": "13559.30000000", "price": "0.20070000", "time": "2025-07-14T15:06:49.177087Z", "fetched_at": "2025-07-14T15:10:49.258691+00:00", "symbol": "DOGE-USD"}, {"trade_id": 138983296, "side": "sell", "size": "995.60000000", "price": "0.20069000", "time": "2025-07-14T15:06:49.177087Z", "fetched_at": "2025-07-14T15:10:49.258691+00:00", "symbol": "DOGE-USD"}, {"trade_id": 138983295, "side": "sell", "size": "810.00000000", "price": "0.20068000", "time": "2025-07-14T15:06:48.676645Z", "fetched_at": "2025-07-14T15:10:49.258691+00:00", "symbol": "DOGE-USD"}, {"trade_id": 138983294, "side": "sell", "size": "2370.40000000", "price": "0.20070000", "time": "2025-07-14T15:06:48.231419Z", "fetched_at": "2025-07-14T15:10:49.258691+00:00", "symbol": "DOGE-USD"}, {"trade_id": 138983293, "side": "sell", "size": "183.00000000", "price": "0.20072000", "time": "2025-07-14T15:06:48.149021Z", "fetched_at": "2025-07-14T15:10:49.258691+00:00", "symbol": "DOGE-USD"}, {"trade_id": 138983292, "side": "sell", "size": "670.80000000", "price": "0.20070000", "time": "2025-07-14T15:06:48.149021Z", "fetched_at": "2025-07-14T15:10:49.258691+00:00", "symbol": "DOGE-USD"}, {"trade_id": 138983291, "side": "sell", "size": "183.00000000", "price": "0.20070000", "time": "2025-07-14T15:06:48.134783Z", "fetched_at": "2025-07-14T15:10:49.258691+00:00", "symbol": "DOGE-USD"}, {"trade_id": 138983290, "side": "sell", "size": "183.00000000", "price": "0.20071000", "time": "2025-07-14T15:06:48.012997Z", "fetched_at": "2025-07-14T15:10:49.258691+00:00", "symbol": "DOGE-USD"}, {"trade_id": 138983289, "side": "sell", "size": "670.80000000", "price": "0.20070000", "time": "2025-07-14T15:06:48.012997Z", "fetched_at": "2025-07-14T15:10:49.258691+00:00", "symbol": "DOGE-USD"}, {"trade_id": 138983288, "side": "sell", "size": "183.00000000", "price": "0.20070000", "time": "2025-07-14T15:06:47.968601Z", "fetched_at": "2025-07-14T15:10:49.258691+00:00", "symbol": "DOGE-USD"}, {"trade_id": 138983287, "side": "buy", "size": "36283.00000000", "price": "0.20063000", "time": "2025-07-14T15:06:47.708516Z", "fetched_at": "2025-07-14T15:10:49.258691+00:00", "symbol": "DOGE-USD"}, {"trade_id": 138983286, "side": "buy", "size": "29536.40000000", "price": "0.20063000", "time": "2025-07-14T15:06:47.707720Z", "fetched_at": "2025-07-14T15:10:49.258691+00:00", "symbol": "DOGE-USD"}, {"trade_id": 138983285, "side": "buy", "size": "1759.70000000", "price": "0.20063000", "time": "2025-07-14T15:06:47.707670Z", "fetched_at": "2025-07-14T15:10:49.258691+00:00", "symbol": "DOGE-USD"}, {"trade_id": 138983284, "side": "buy", "size": "0.10000000", "price": "0.20065000", "time": "2025-07-14T15:06:47.706869Z", "fetched_at": "2025-07-14T15:10:49.258691+00:00", "symbol": "DOGE-USD"}, {"trade_id": 138983283, "side": "buy", "size": "809.90000000", "price": "0.20065000", "time": "2025-07-14T15:06:47.706063Z", "fetched_at": "2025-07-14T15:10:49.258691+00:00", "symbol": "DOGE-USD"}, {"trade_id": 138983282, "side": "buy", "size": "11528.90000000", "price": "0.20063000", "time": "2025-07-14T15:06:47.658327Z", "fetched_at": "2025-07-14T15:10:49.258691+00:00", "symbol": "DOGE-USD"}, {"trade_id": 138983281, "side": "buy", "size": "1299.60000000", "price": "0.20063000", "time": "2025-07-14T15:06:47.658327Z", "fetched_at": "2025-07-14T15:10:49.258691+00:00", "symbol": "DOGE-USD"}, {"trade_id": 138983280, "side": "buy", "size": "28.00000000", "price": "0.20063000", "time": "2025-07-14T15:06:47.658327Z", "fetched_at": "2025-07-14T15:10:49.258691+00:00", "symbol": "DOGE-USD"}, {"trade_id": 138983279, "side": "buy", "size": "11.90000000", "price": "0.20063000", "time": "2025-07-14T15:06:47.658327Z", "fetched_at": "2025-07-14T15:10:49.258691+00:00", "symbol": "DOGE-USD"}, {"trade_id": 138983278, "side": "buy", "size": "633.70000000", "price": "0.20064000", "time": "2025-07-14T15:06:47.658327Z", "fetched_at": "2025-07-14T15:10:49.258691+00:00", "symbol": "DOGE-USD"}, {"trade_id": 138983277, "side": "buy", "size": "810.00000000", "price": "0.20067000", "time": "2025-07-14T15:06:47.658327Z", "fetched_at": "2025-07-14T15:10:49.258691+00:00", "symbol": "DOGE-USD"}, {"trade_id": 138983276, "side": "sell", "size": "20847.00000000", "price": "0.20074000", "time": "2025-07-14T15:06:47.656434Z", "fetched_at": "2025-07-14T15:10:49.258691+00:00", "symbol": "DOGE-USD"}, {"trade_id": 138983275, "side": "sell", "size": "4013.20000000", "price": "0.20073000", "time": "2025-07-14T15:06:47.656434Z", "fetched_at": "2025-07-14T15:10:49.258691+00:00", "symbol": "DOGE-USD"}, {"trade_id": 138983274, "side": "buy", "size": "1487.10000000", "price": "0.20064000", "time": "2025-07-14T15:06:47.654478Z", "fetched_at": "2025-07-14T15:10:49.258691+00:00", "symbol": "DOGE-USD"}, {"trade_id": 138983273, "side": "buy", "size": "500.00000000", "price": "0.20064000", "time": "2025-07-14T15:06:47.654478Z", "fetched_at": "2025-07-14T15:10:49.258691+00:00", "symbol": "DOGE-USD"}, {"trade_id": 138983272, "side": "buy", "size": "500.00000000", "price": "0.20065000", "time": "2025-07-14T15:06:47.654478Z", "fetched_at": "2025-07-14T15:10:49.258691+00:00", "symbol": "DOGE-USD"}, {"trade_id": 138983271, "side": "sell", "size": "789.70000000", "price": "0.20073000", "time": "2025-07-14T15:06:47.648927Z", "fetched_at": "2025-07-14T15:10:49.258691+00:00", "symbol": "DOGE-USD"}, {"trade_id": 138983270, "side": "buy", "size": "3593.90000000", "price": "0.20064000", "time": "2025-07-14T15:06:47.637440Z", "fetched_at": "2025-07-14T15:10:49.258691+00:00", "symbol": "DOGE-USD"}, {"trade_id": 138983269, "side": "buy", "size": "810.00000000", "price": "0.20064000", "time": "2025-07-14T15:06:47.637440Z", "fetched_at": "2025-07-14T15:10:49.258691+00:00", "symbol": "DOGE-USD"}, {"trade_id": 138983268, "side": "buy", "size": "5.50000000", "price": "0.20064000", "time": "2025-07-14T15:06:47.637440Z", "fetched_at": "2025-07-14T15:10:49.258691+00:00", "symbol": "DOGE-USD"}, {"trade_id": 138983267, "side": "buy", "size": "6866.10000000", "price": "0.20065000", "time": "2025-07-14T15:06:47.637440Z", "fetched_at": "2025-07-14T15:10:49.258691+00:00", "symbol": "DOGE-USD"}, {"trade_id": 138983266, "side": "buy", "size": "4623.20000000", "price": "0.20067000", "time": "2025-07-14T15:06:47.637440Z", "fetched_at": "2025-07-14T15:10:49.258691+00:00", "symbol": "DOGE-USD"}, {"trade_id": 138983265, "side": "buy", "size": "810.00000000", "price": "0.20067000", "time": "2025-07-14T15:06:47.637440Z", "fetched_at": "2025-07-14T15:10:49.258691+00:00", "symbol": "DOGE-USD"}, {"trade_id": 138983264, "side": "buy", "size": "6842.50000000", "price": "0.20067000", "time": "2025-07-14T15:06:47.637440Z", "fetched_at": "2025-07-14T15:10:49.258691+00:00", "symbol": "DOGE-USD"}, {"trade_id": 138983263, "side": "buy", "size": "1313.40000000", "price": "0.20068000", "time": "2025-07-14T15:06:47.637440Z", "fetched_at": "2025-07-14T15:10:49.258691+00:00", "symbol": "DOGE-USD"}, {"trade_id": 138983262, "side": "buy", "size": "6861.80000000", "price": "0.20068000", "time": "2025-07-14T15:06:47.637440Z", "fetched_at": "2025-07-14T15:10:49.258691+00:00", "symbol": "DOGE-USD"}, {"trade_id": 138983261, "side": "buy", "size": "161.40000000", "price": "0.20068000", "time": "2025-07-14T15:06:47.637440Z", "fetched_at": "2025-07-14T15:10:49.258691+00:00", "symbol": "DOGE-USD"}, {"trade_id": 138983260, "side": "buy", "size": "6856.60000000", "price": "0.20069000", "time": "2025-07-14T15:06:47.637440Z", "fetched_at": "2025-07-14T15:10:49.258691+00:00", "symbol": "DOGE-USD"}, {"trade_id": 138983259, "side": "buy", "size": "27.00000000", "price": "0.20069000", "time": "2025-07-14T15:06:47.637440Z", "fetched_at": "2025-07-14T15:10:49.258691+00:00", "symbol": "DOGE-USD"}, {"trade_id": 138983258, "side": "buy", "size": "1356.30000000", "price": "0.20069000", "time": "2025-07-14T15:06:47.637440Z", "fetched_at": "2025-07-14T15:10:49.258691+00:00", "symbol": "DOGE-USD"}, {"trade_id": 138983257, "side": "buy", "size": "2121.10000000", "price": "0.20075000", "time": "2025-07-14T15:06:47.637440Z", "fetched_at": "2025-07-14T15:10:49.258691+00:00", "symbol": "DOGE-USD"}