[{"trade_id": 139007958, "side": "sell", "size": "255.00000000", "price": "0.19869000", "time": "2025-07-14T18:10:44.837848Z", "fetched_at": "2025-07-14T18:10:49.755139+00:00", "symbol": "DOGE-USD"}, {"trade_id": 139007957, "side": "sell", "size": "25.80000000", "price": "0.19868000", "time": "2025-07-14T18:10:44.837848Z", "fetched_at": "2025-07-14T18:10:49.755139+00:00", "symbol": "DOGE-USD"}, {"trade_id": 139007956, "side": "sell", "size": "5.60000000", "price": "0.19868000", "time": "2025-07-14T18:10:44.837848Z", "fetched_at": "2025-07-14T18:10:49.755139+00:00", "symbol": "DOGE-USD"}, {"trade_id": 139007955, "side": "sell", "size": "5.60000000", "price": "0.19866000", "time": "2025-07-14T18:10:44.837848Z", "fetched_at": "2025-07-14T18:10:49.755139+00:00", "symbol": "DOGE-USD"}, {"trade_id": 139007954, "side": "sell", "size": "5.60000000", "price": "0.19864000", "time": "2025-07-14T18:10:44.775993Z", "fetched_at": "2025-07-14T18:10:49.755139+00:00", "symbol": "DOGE-USD"}, {"trade_id": 139007953, "side": "sell", "size": "5.60000000", "price": "0.19862000", "time": "2025-07-14T18:10:43.663290Z", "fetched_at": "2025-07-14T18:10:49.755139+00:00", "symbol": "DOGE-USD"}, {"trade_id": 139007952, "side": "buy", "size": "4.90000000", "price": "0.19861000", "time": "2025-07-14T18:10:43.450729Z", "fetched_at": "2025-07-14T18:10:49.755139+00:00", "symbol": "DOGE-USD"}, {"trade_id": 139007951, "side": "sell", "size": "2375.20000000", "price": "0.19859000", "time": "2025-07-14T18:10:42.341760Z", "fetched_at": "2025-07-14T18:10:49.755139+00:00", "symbol": "DOGE-USD"}, {"trade_id": 139007950, "side": "buy", "size": "22.50000000", "price": "0.19853000", "time": "2025-07-14T18:10:40.430784Z", "fetched_at": "2025-07-14T18:10:49.755139+00:00", "symbol": "DOGE-USD"}, {"trade_id": 139007949, "side": "buy", "size": "5.60000000", "price": "0.19854000", "time": "2025-07-14T18:10:40.430784Z", "fetched_at": "2025-07-14T18:10:49.755139+00:00", "symbol": "DOGE-USD"}, {"trade_id": 139007948, "side": "buy", "size": "5.60000000", "price": "0.19856000", "time": "2025-07-14T18:10:40.430784Z", "fetched_at": "2025-07-14T18:10:49.755139+00:00", "symbol": "DOGE-USD"}, {"trade_id": 139007947, "side": "buy", "size": "3.30000000", "price": "0.19856000", "time": "2025-07-14T18:10:40.430784Z", "fetched_at": "2025-07-14T18:10:49.755139+00:00", "symbol": "DOGE-USD"}, {"trade_id": 139007946, "side": "buy", "size": "5.60000000", "price": "0.19858000", "time": "2025-07-14T18:10:39.737519Z", "fetched_at": "2025-07-14T18:10:49.755139+00:00", "symbol": "DOGE-USD"}, {"trade_id": 139007945, "side": "buy", "size": "480.00000000", "price": "0.19859000", "time": "2025-07-14T18:10:34.813636Z", "fetched_at": "2025-07-14T18:10:49.755139+00:00", "symbol": "DOGE-USD"}, {"trade_id": 139007944, "side": "buy", "size": "468.10000000", "price": "0.19860000", "time": "2025-07-14T18:10:30.560581Z", "fetched_at": "2025-07-14T18:10:49.755139+00:00", "symbol": "DOGE-USD"}, {"trade_id": 139007943, "side": "buy", "size": "229.00000000", "price": "0.19860000", "time": "2025-07-14T18:10:29.219614Z", "fetched_at": "2025-07-14T18:10:49.755139+00:00", "symbol": "DOGE-USD"}, {"trade_id": 139007942, "side": "sell", "size": "24.90000000", "price": "0.19862000", "time": "2025-07-14T18:10:28.170403Z", "fetched_at": "2025-07-14T18:10:49.755139+00:00", "symbol": "DOGE-USD"}, {"trade_id": 139007941, "side": "sell", "size": "21.50000000", "price": "0.19862000", "time": "2025-07-14T18:10:28.018195Z", "fetched_at": "2025-07-14T18:10:49.755139+00:00", "symbol": "DOGE-USD"}, {"trade_id": 139007940, "side": "sell", "size": "76.80000000", "price": "0.19863000", "time": "2025-07-14T18:10:26.137828Z", "fetched_at": "2025-07-14T18:10:49.755139+00:00", "symbol": "DOGE-USD"}, {"trade_id": 139007939, "side": "sell", "size": "45.60000000", "price": "0.19863000", "time": "2025-07-14T18:10:26.137828Z", "fetched_at": "2025-07-14T18:10:49.755139+00:00", "symbol": "DOGE-USD"}, {"trade_id": 139007938, "side": "sell", "size": "5.60000000", "price": "0.19860000", "time": "2025-07-14T18:10:22.065125Z", "fetched_at": "2025-07-14T18:10:49.755139+00:00", "symbol": "DOGE-USD"}, {"trade_id": 139007937, "side": "buy", "size": "5.60000000", "price": "0.19846000", "time": "2025-07-14T18:10:16.237726Z", "fetched_at": "2025-07-14T18:10:49.755139+00:00", "symbol": "DOGE-USD"}, {"trade_id": 139007936, "side": "buy", "size": "5310.20000000", "price": "0.19847000", "time": "2025-07-14T18:10:16.123942Z", "fetched_at": "2025-07-14T18:10:49.755139+00:00", "symbol": "DOGE-USD"}, {"trade_id": 139007935, "side": "buy", "size": "91.30000000", "price": "0.19847000", "time": "2025-07-14T18:10:16.123942Z", "fetched_at": "2025-07-14T18:10:49.755139+00:00", "symbol": "DOGE-USD"}, {"trade_id": 139007934, "side": "buy", "size": "5.60000000", "price": "0.19848000", "time": "2025-07-14T18:10:16.123942Z", "fetched_at": "2025-07-14T18:10:49.755139+00:00", "symbol": "DOGE-USD"}, {"trade_id": 139007933, "side": "buy", "size": "5.60000000", "price": "0.19850000", "time": "2025-07-14T18:10:16.112039Z", "fetched_at": "2025-07-14T18:10:49.755139+00:00", "symbol": "DOGE-USD"}, {"trade_id": 139007932, "side": "buy", "size": "5.60000000", "price": "0.19852000", "time": "2025-07-14T18:10:15.989324Z", "fetched_at": "2025-07-14T18:10:49.755139+00:00", "symbol": "DOGE-USD"}, {"trade_id": 139007931, "side": "buy", "size": "1485.50000000", "price": "0.19856000", "time": "2025-07-14T18:10:15.501128Z", "fetched_at": "2025-07-14T18:10:49.755139+00:00", "symbol": "DOGE-USD"}, {"trade_id": 139007930, "side": "buy", "size": "183.00000000", "price": "0.19858000", "time": "2025-07-14T18:10:15.222283Z", "fetched_at": "2025-07-14T18:10:49.755139+00:00", "symbol": "DOGE-USD"}, {"trade_id": 139007929, "side": "buy", "size": "286.20000000", "price": "0.19859000", "time": "2025-07-14T18:10:15.222283Z", "fetched_at": "2025-07-14T18:10:49.755139+00:00", "symbol": "DOGE-USD"}, {"trade_id": 139007928, "side": "buy", "size": "283.90000000", "price": "0.19859000", "time": "2025-07-14T18:10:15.222283Z", "fetched_at": "2025-07-14T18:10:49.755139+00:00", "symbol": "DOGE-USD"}, {"trade_id": 139007927, "side": "sell", "size": "183.00000000", "price": "0.19860000", "time": "2025-07-14T18:10:15.218762Z", "fetched_at": "2025-07-14T18:10:49.755139+00:00", "symbol": "DOGE-USD"}, {"trade_id": 139007926, "side": "sell", "size": "5564.70000000", "price": "0.19859000", "time": "2025-07-14T18:10:15.110209Z", "fetched_at": "2025-07-14T18:10:49.755139+00:00", "symbol": "DOGE-USD"}, {"trade_id": 139007925, "side": "sell", "size": "2500.00000000", "price": "0.19858000", "time": "2025-07-14T18:10:15.106095Z", "fetched_at": "2025-07-14T18:10:49.755139+00:00", "symbol": "DOGE-USD"}, {"trade_id": 139007924, "side": "sell", "size": "5.60000000", "price": "0.19858000", "time": "2025-07-14T18:10:15.106095Z", "fetched_at": "2025-07-14T18:10:49.755139+00:00", "symbol": "DOGE-USD"}, {"trade_id": 139007923, "side": "sell", "size": "3435.30000000", "price": "0.19858000", "time": "2025-07-14T18:10:15.098442Z", "fetched_at": "2025-07-14T18:10:49.755139+00:00", "symbol": "DOGE-USD"}, {"trade_id": 139007922, "side": "sell", "size": "2940.20000000", "price": "0.19857000", "time": "2025-07-14T18:10:15.098442Z", "fetched_at": "2025-07-14T18:10:49.755139+00:00", "symbol": "DOGE-USD"}, {"trade_id": 139007921, "side": "sell", "size": "7059.80000000", "price": "0.19857000", "time": "2025-07-14T18:10:15.091356Z", "fetched_at": "2025-07-14T18:10:49.755139+00:00", "symbol": "DOGE-USD"}, {"trade_id": 139007920, "side": "sell", "size": "3553.00000000", "price": "0.19857000", "time": "2025-07-14T18:10:15.091356Z", "fetched_at": "2025-07-14T18:10:49.755139+00:00", "symbol": "DOGE-USD"}, {"trade_id": 139007919, "side": "sell", "size": "3022.20000000", "price": "0.19854000", "time": "2025-07-14T18:10:15.091356Z", "fetched_at": "2025-07-14T18:10:49.755139+00:00", "symbol": "DOGE-USD"}, {"trade_id": 139007918, "side": "sell", "size": "2011.70000000", "price": "0.19857000", "time": "2025-07-14T18:10:15.088028Z", "fetched_at": "2025-07-14T18:10:49.755139+00:00", "symbol": "DOGE-USD"}, {"trade_id": 139007917, "side": "sell", "size": "1872.40000000", "price": "0.19856000", "time": "2025-07-14T18:10:15.088028Z", "fetched_at": "2025-07-14T18:10:49.755139+00:00", "symbol": "DOGE-USD"}, {"trade_id": 139007916, "side": "sell", "size": "2500.00000000", "price": "0.19856000", "time": "2025-07-14T18:10:15.088028Z", "fetched_at": "2025-07-14T18:10:49.755139+00:00", "symbol": "DOGE-USD"}, {"trade_id": 139007915, "side": "sell", "size": "5564.70000000", "price": "0.19856000", "time": "2025-07-14T18:10:15.088028Z", "fetched_at": "2025-07-14T18:10:49.755139+00:00", "symbol": "DOGE-USD"}, {"trade_id": 139007914, "side": "sell", "size": "2805.90000000", "price": "0.19856000", "time": "2025-07-14T18:10:15.088028Z", "fetched_at": "2025-07-14T18:10:49.755139+00:00", "symbol": "DOGE-USD"}, {"trade_id": 139007913, "side": "sell", "size": "810.00000000", "price": "0.19855000", "time": "2025-07-14T18:10:15.088028Z", "fetched_at": "2025-07-14T18:10:49.755139+00:00", "symbol": "DOGE-USD"}, {"trade_id": 139007912, "side": "sell", "size": "45.60000000", "price": "0.19854000", "time": "2025-07-14T18:10:15.086825Z", "fetched_at": "2025-07-14T18:10:49.755139+00:00", "symbol": "DOGE-USD"}, {"trade_id": 139007911, "side": "sell", "size": "1414.40000000", "price": "0.19854000", "time": "2025-07-14T18:10:15.086825Z", "fetched_at": "2025-07-14T18:10:49.755139+00:00", "symbol": "DOGE-USD"}, {"trade_id": 139007910, "side": "buy", "size": "5.60000000", "price": "0.19854000", "time": "2025-07-14T18:10:12.738129Z", "fetched_at": "2025-07-14T18:10:49.755139+00:00", "symbol": "DOGE-USD"}, {"trade_id": 139007909, "side": "buy", "size": "2174.20000000", "price": "0.19854000", "time": "2025-07-14T18:10:12.738129Z", "fetched_at": "2025-07-14T18:10:49.755139+00:00", "symbol": "DOGE-USD"}, {"trade_id": 139007908, "side": "sell", "size": "183.00000000", "price": "0.19857000", "time": "2025-07-14T18:10:10.394996Z", "fetched_at": "2025-07-14T18:10:49.755139+00:00", "symbol": "DOGE-USD"}, {"trade_id": 139007907, "side": "sell", "size": "183.00000000", "price": "0.19856000", "time": "2025-07-14T18:10:10.348683Z", "fetched_at": "2025-07-14T18:10:49.755139+00:00", "symbol": "DOGE-USD"}, {"trade_id": 139007906, "side": "buy", "size": "5.60000000", "price": "0.19854000", "time": "2025-07-14T18:10:10.119169Z", "fetched_at": "2025-07-14T18:10:49.755139+00:00", "symbol": "DOGE-USD"}, {"trade_id": 139007905, "side": "buy", "size": "666.90000000", "price": "0.19855000", "time": "2025-07-14T18:10:10.114657Z", "fetched_at": "2025-07-14T18:10:49.755139+00:00", "symbol": "DOGE-USD"}, {"trade_id": 139007904, "side": "buy", "size": "380.50000000", "price": "0.19857000", "time": "2025-07-14T18:10:10.107378Z", "fetched_at": "2025-07-14T18:10:49.755139+00:00", "symbol": "DOGE-USD"}, {"trade_id": 139007903, "side": "buy", "size": "2640.00000000", "price": "0.19857000", "time": "2025-07-14T18:10:10.107142Z", "fetched_at": "2025-07-14T18:10:49.755139+00:00", "symbol": "DOGE-USD"}, {"trade_id": 139007902, "side": "buy", "size": "3108.80000000", "price": "0.19857000", "time": "2025-07-14T18:10:10.094611Z", "fetched_at": "2025-07-14T18:10:49.755139+00:00", "symbol": "DOGE-USD"}, {"trade_id": 139007901, "side": "buy", "size": "2458.90000000", "price": "0.19857000", "time": "2025-07-14T18:10:10.092253Z", "fetched_at": "2025-07-14T18:10:49.755139+00:00", "symbol": "DOGE-USD"}, {"trade_id": 139007900, "side": "buy", "size": "1549.30000000", "price": "0.19855000", "time": "2025-07-14T18:10:10.091878Z", "fetched_at": "2025-07-14T18:10:49.755139+00:00", "symbol": "DOGE-USD"}, {"trade_id": 139007899, "side": "buy", "size": "5563.60000000", "price": "0.19855000", "time": "2025-07-14T18:10:10.091878Z", "fetched_at": "2025-07-14T18:10:49.755139+00:00", "symbol": "DOGE-USD"}, {"trade_id": 139007898, "side": "buy", "size": "1305.50000000", "price": "0.19856000", "time": "2025-07-14T18:10:10.091878Z", "fetched_at": "2025-07-14T18:10:49.755139+00:00", "symbol": "DOGE-USD"}, {"trade_id": 139007897, "side": "buy", "size": "359.10000000", "price": "0.19856000", "time": "2025-07-14T18:10:10.091878Z", "fetched_at": "2025-07-14T18:10:49.755139+00:00", "symbol": "DOGE-USD"}, {"trade_id": 139007896, "side": "buy", "size": "5.60000000", "price": "0.19856000", "time": "2025-07-14T18:10:10.091878Z", "fetched_at": "2025-07-14T18:10:49.755139+00:00", "symbol": "DOGE-USD"}, {"trade_id": 139007895, "side": "buy", "size": "969.80000000", "price": "0.19857000", "time": "2025-07-14T18:10:10.091878Z", "fetched_at": "2025-07-14T18:10:49.755139+00:00", "symbol": "DOGE-USD"}, {"trade_id": 139007894, "side": "buy", "size": "5.60000000", "price": "0.19858000", "time": "2025-07-14T18:10:10.084153Z", "fetched_at": "2025-07-14T18:10:49.755139+00:00", "symbol": "DOGE-USD"}, {"trade_id": 139007893, "side": "buy", "size": "2810.60000000", "price": "0.19859000", "time": "2025-07-14T18:10:10.084153Z", "fetched_at": "2025-07-14T18:10:49.755139+00:00", "symbol": "DOGE-USD"}, {"trade_id": 139007892, "side": "buy", "size": "453.60000000", "price": "0.19860000", "time": "2025-07-14T18:10:10.084153Z", "fetched_at": "2025-07-14T18:10:49.755139+00:00", "symbol": "DOGE-USD"}, {"trade_id": 139007891, "side": "buy", "size": "5.60000000", "price": "0.19860000", "time": "2025-07-14T18:10:10.084153Z", "fetched_at": "2025-07-14T18:10:49.755139+00:00", "symbol": "DOGE-USD"}, {"trade_id": 139007890, "side": "buy", "size": "5.60000000", "price": "0.19862000", "time": "2025-07-14T18:10:10.084153Z", "fetched_at": "2025-07-14T18:10:49.755139+00:00", "symbol": "DOGE-USD"}, {"trade_id": 139007889, "side": "sell", "size": "498.30000000", "price": "0.19868000", "time": "2025-07-14T18:10:09.710316Z", "fetched_at": "2025-07-14T18:10:49.755139+00:00", "symbol": "DOGE-USD"}, {"trade_id": 139007888, "side": "sell", "size": "12.70000000", "price": "0.19868000", "time": "2025-07-14T18:10:08.739899Z", "fetched_at": "2025-07-14T18:10:49.755139+00:00", "symbol": "DOGE-USD"}, {"trade_id": 139007887, "side": "sell", "size": "5.60000000", "price": "0.19868000", "time": "2025-07-14T18:10:08.739899Z", "fetched_at": "2025-07-14T18:10:49.755139+00:00", "symbol": "DOGE-USD"}, {"trade_id": 139007886, "side": "sell", "size": "5.60000000", "price": "0.19866000", "time": "2025-07-14T18:10:08.739899Z", "fetched_at": "2025-07-14T18:10:49.755139+00:00", "symbol": "DOGE-USD"}, {"trade_id": 139007885, "side": "buy", "size": "1182.10000000", "price": "0.19859000", "time": "2025-07-14T18:10:04.395720Z", "fetched_at": "2025-07-14T18:10:49.755139+00:00", "symbol": "DOGE-USD"}, {"trade_id": 139007884, "side": "buy", "size": "2500.00000000", "price": "0.19859000", "time": "2025-07-14T18:10:04.395720Z", "fetched_at": "2025-07-14T18:10:49.755139+00:00", "symbol": "DOGE-USD"}, {"trade_id": 139007883, "side": "buy", "size": "969.80000000", "price": "0.19860000", "time": "2025-07-14T18:10:04.395720Z", "fetched_at": "2025-07-14T18:10:49.755139+00:00", "symbol": "DOGE-USD"}, {"trade_id": 139007882, "side": "buy", "size": "1385.70000000", "price": "0.19860000", "time": "2025-07-14T18:10:04.395720Z", "fetched_at": "2025-07-14T18:10:49.755139+00:00", "symbol": "DOGE-USD"}, {"trade_id": 139007881, "side": "buy", "size": "5.60000000", "price": "0.19860000", "time": "2025-07-14T18:10:04.395720Z", "fetched_at": "2025-07-14T18:10:49.755139+00:00", "symbol": "DOGE-USD"}, {"trade_id": 139007880, "side": "buy", "size": "2808.80000000", "price": "0.19861000", "time": "2025-07-14T18:10:04.395720Z", "fetched_at": "2025-07-14T18:10:49.755139+00:00", "symbol": "DOGE-USD"}, {"trade_id": 139007879, "side": "buy", "size": "3.30000000", "price": "0.19861000", "time": "2025-07-14T18:10:04.395720Z", "fetched_at": "2025-07-14T18:10:49.755139+00:00", "symbol": "DOGE-USD"}, {"trade_id": 139007878, "side": "buy", "size": "1301.80000000", "price": "0.19862000", "time": "2025-07-14T18:10:04.395720Z", "fetched_at": "2025-07-14T18:10:49.755139+00:00", "symbol": "DOGE-USD"}, {"trade_id": 139007877, "side": "buy", "size": "5.60000000", "price": "0.19862000", "time": "2025-07-14T18:10:04.395720Z", "fetched_at": "2025-07-14T18:10:49.755139+00:00", "symbol": "DOGE-USD"}, {"trade_id": 139007876, "side": "buy", "size": "5.60000000", "price": "0.19864000", "time": "2025-07-14T18:10:04.395720Z", "fetched_at": "2025-07-14T18:10:49.755139+00:00", "symbol": "DOGE-USD"}, {"trade_id": 139007875, "side": "buy", "size": "5.60000000", "price": "0.19866000", "time": "2025-07-14T18:10:01.272287Z", "fetched_at": "2025-07-14T18:10:49.755139+00:00", "symbol": "DOGE-USD"}, {"trade_id": 139007874, "side": "sell", "size": "9.90000000", "price": "0.19868000", "time": "2025-07-14T18:09:55.440967Z", "fetched_at": "2025-07-14T18:10:49.755139+00:00", "symbol": "DOGE-USD"}, {"trade_id": 139007873, "side": "sell", "size": "5.60000000", "price": "0.19870000", "time": "2025-07-14T18:09:50.891127Z", "fetched_at": "2025-07-14T18:10:49.755139+00:00", "symbol": "DOGE-USD"}, {"trade_id": 139007872, "side": "sell", "size": "5.60000000", "price": "0.19868000", "time": "2025-07-14T18:09:49.545271Z", "fetched_at": "2025-07-14T18:10:49.755139+00:00", "symbol": "DOGE-USD"}, {"trade_id": 139007871, "side": "sell", "size": "5.60000000", "price": "0.19866000", "time": "2025-07-14T18:09:48.811186Z", "fetched_at": "2025-07-14T18:10:49.755139+00:00", "symbol": "DOGE-USD"}, {"trade_id": 139007870, "side": "buy", "size": "435.20000000", "price": "0.19863000", "time": "2025-07-14T18:09:43.598923Z", "fetched_at": "2025-07-14T18:10:49.755139+00:00", "symbol": "DOGE-USD"}, {"trade_id": 139007869, "side": "buy", "size": "286.20000000", "price": "0.19865000", "time": "2025-07-14T18:09:43.598923Z", "fetched_at": "2025-07-14T18:10:49.755139+00:00", "symbol": "DOGE-USD"}, {"trade_id": 139007868, "side": "sell", "size": "443.60000000", "price": "0.19863000", "time": "2025-07-14T18:09:41.719454Z", "fetched_at": "2025-07-14T18:10:49.755139+00:00", "symbol": "DOGE-USD"}, {"trade_id": 139007867, "side": "sell", "size": "45.60000000", "price": "0.19862000", "time": "2025-07-14T18:09:41.719454Z", "fetched_at": "2025-07-14T18:10:49.755139+00:00", "symbol": "DOGE-USD"}, {"trade_id": 139007866, "side": "sell", "size": "347.20000000", "price": "0.19859000", "time": "2025-07-14T18:09:40.786720Z", "fetched_at": "2025-07-14T18:10:49.755139+00:00", "symbol": "DOGE-USD"}, {"trade_id": 139007865, "side": "buy", "size": "5.60000000", "price": "0.19856000", "time": "2025-07-14T18:09:38.589680Z", "fetched_at": "2025-07-14T18:10:49.755139+00:00", "symbol": "DOGE-USD"}, {"trade_id": 139007864, "side": "buy", "size": "5.60000000", "price": "0.19858000", "time": "2025-07-14T18:09:38.530492Z", "fetched_at": "2025-07-14T18:10:49.755139+00:00", "symbol": "DOGE-USD"}, {"trade_id": 139007863, "side": "buy", "size": "554.60000000", "price": "0.19860000", "time": "2025-07-14T18:09:38.509811Z", "fetched_at": "2025-07-14T18:10:49.755139+00:00", "symbol": "DOGE-USD"}, {"trade_id": 139007862, "side": "buy", "size": "5.60000000", "price": "0.19860000", "time": "2025-07-14T18:09:38.509811Z", "fetched_at": "2025-07-14T18:10:49.755139+00:00", "symbol": "DOGE-USD"}, {"trade_id": 139007861, "side": "buy", "size": "20.60000000", "price": "0.19860000", "time": "2025-07-14T18:09:38.509811Z", "fetched_at": "2025-07-14T18:10:49.755139+00:00", "symbol": "DOGE-USD"}, {"trade_id": 139007860, "side": "buy", "size": "172.90000000", "price": "0.19861000", "time": "2025-07-14T18:09:37.549718Z", "fetched_at": "2025-07-14T18:10:49.755139+00:00", "symbol": "DOGE-USD"}, {"trade_id": 139007859, "side": "buy", "size": "5.60000000", "price": "0.19862000", "time": "2025-07-14T18:09:37.546272Z", "fetched_at": "2025-07-14T18:10:49.755139+00:00", "symbol": "DOGE-USD"}, {"trade_id": 139007858, "side": "buy", "size": "5.60000000", "price": "0.19864000", "time": "2025-07-14T18:09:34.044377Z", "fetched_at": "2025-07-14T18:10:49.755139+00:00", "symbol": "DOGE-USD"}, {"trade_id": 139007857, "side": "sell", "size": "9.90000000", "price": "0.19868000", "time": "2025-07-14T18:09:29.870410Z", "fetched_at": "2025-07-14T18:10:49.755139+00:00", "symbol": "DOGE-USD"}, {"trade_id": 139007856, "side": "sell", "size": "183.00000000", "price": "0.19867000", "time": "2025-07-14T18:09:29.088090Z", "fetched_at": "2025-07-14T18:10:49.755139+00:00", "symbol": "DOGE-USD"}, {"trade_id": 139007855, "side": "sell", "size": "89.00000000", "price": "0.19867000", "time": "2025-07-14T18:09:29.088090Z", "fetched_at": "2025-07-14T18:10:49.755139+00:00", "symbol": "DOGE-USD"}, {"trade_id": 139007854, "side": "buy", "size": "56.40000000", "price": "0.19868000", "time": "2025-07-14T18:09:27.287462Z", "fetched_at": "2025-07-14T18:10:49.755139+00:00", "symbol": "DOGE-USD"}, {"trade_id": 139007853, "side": "buy", "size": "4786.30000000", "price": "0.19866000", "time": "2025-07-14T18:09:26.318440Z", "fetched_at": "2025-07-14T18:10:49.755139+00:00", "symbol": "DOGE-USD"}, {"trade_id": 139007852, "side": "buy", "size": "5.60000000", "price": "0.19866000", "time": "2025-07-14T18:09:26.318440Z", "fetched_at": "2025-07-14T18:10:49.755139+00:00", "symbol": "DOGE-USD"}, {"trade_id": 139007851, "side": "buy", "size": "1530.50000000", "price": "0.19868000", "time": "2025-07-14T18:09:26.318440Z", "fetched_at": "2025-07-14T18:10:49.755139+00:00", "symbol": "DOGE-USD"}, {"trade_id": 139007850, "side": "buy", "size": "1355.20000000", "price": "0.19868000", "time": "2025-07-14T18:09:26.318440Z", "fetched_at": "2025-07-14T18:10:49.755139+00:00", "symbol": "DOGE-USD"}, {"trade_id": 139007849, "side": "buy", "size": "5.60000000", "price": "0.19868000", "time": "2025-07-14T18:09:26.318440Z", "fetched_at": "2025-07-14T18:10:49.755139+00:00", "symbol": "DOGE-USD"}, {"trade_id": 139007848, "side": "sell", "size": "5.60000000", "price": "0.19874000", "time": "2025-07-14T18:09:19.725709Z", "fetched_at": "2025-07-14T18:10:49.755139+00:00", "symbol": "DOGE-USD"}, {"trade_id": 139007847, "side": "buy", "size": "2440.90000000", "price": "0.19869000", "time": "2025-07-14T18:09:19.284990Z", "fetched_at": "2025-07-14T18:10:49.755139+00:00", "symbol": "DOGE-USD"}, {"trade_id": 139007846, "side": "buy", "size": "969.80000000", "price": "0.19870000", "time": "2025-07-14T18:09:19.284990Z", "fetched_at": "2025-07-14T18:10:49.755139+00:00", "symbol": "DOGE-USD"}, {"trade_id": 139007845, "side": "buy", "size": "1595.30000000", "price": "0.19870000", "time": "2025-07-14T18:09:19.284990Z", "fetched_at": "2025-07-14T18:10:49.755139+00:00", "symbol": "DOGE-USD"}, {"trade_id": 139007844, "side": "buy", "size": "1301.40000000", "price": "0.19871000", "time": "2025-07-14T18:09:19.284990Z", "fetched_at": "2025-07-14T18:10:49.755139+00:00", "symbol": "DOGE-USD"}, {"trade_id": 139007843, "side": "sell", "size": "5.60000000", "price": "0.19872000", "time": "2025-07-14T18:09:18.405127Z", "fetched_at": "2025-07-14T18:10:49.755139+00:00", "symbol": "DOGE-USD"}, {"trade_id": 139007842, "side": "sell", "size": "5.60000000", "price": "0.19870000", "time": "2025-07-14T18:09:18.256439Z", "fetched_at": "2025-07-14T18:10:49.755139+00:00", "symbol": "DOGE-USD"}, {"trade_id": 139007841, "side": "sell", "size": "18210.20000000", "price": "0.19869000", "time": "2025-07-14T18:09:18.245733Z", "fetched_at": "2025-07-14T18:10:49.755139+00:00", "symbol": "DOGE-USD"}, {"trade_id": 139007840, "side": "sell", "size": "123.00000000", "price": "0.19867000", "time": "2025-07-14T18:09:17.434199Z", "fetched_at": "2025-07-14T18:10:49.755139+00:00", "symbol": "DOGE-USD"}, {"trade_id": 139007839, "side": "sell", "size": "255.40000000", "price": "0.19865000", "time": "2025-07-14T18:09:16.537687Z", "fetched_at": "2025-07-14T18:10:49.755139+00:00", "symbol": "DOGE-USD"}, {"trade_id": 139007838, "side": "buy", "size": "194.70000000", "price": "0.19862000", "time": "2025-07-14T18:09:11.512149Z", "fetched_at": "2025-07-14T18:10:49.755139+00:00", "symbol": "DOGE-USD"}, {"trade_id": 139007837, "side": "buy", "size": "5.60000000", "price": "0.19862000", "time": "2025-07-14T18:09:11.512149Z", "fetched_at": "2025-07-14T18:10:49.755139+00:00", "symbol": "DOGE-USD"}, {"trade_id": 139007836, "side": "buy", "size": "5.60000000", "price": "0.19864000", "time": "2025-07-14T18:09:11.512149Z", "fetched_at": "2025-07-14T18:10:49.755139+00:00", "symbol": "DOGE-USD"}, {"trade_id": 139007835, "side": "buy", "size": "5.60000000", "price": "0.19866000", "time": "2025-07-14T18:09:11.449086Z", "fetched_at": "2025-07-14T18:10:49.755139+00:00", "symbol": "DOGE-USD"}, {"trade_id": 139007834, "side": "buy", "size": "19.40000000", "price": "0.19866000", "time": "2025-07-14T18:09:11.449086Z", "fetched_at": "2025-07-14T18:10:49.755139+00:00", "symbol": "DOGE-USD"}, {"trade_id": 139007833, "side": "buy", "size": "5.60000000", "price": "0.19868000", "time": "2025-07-14T18:09:09.114726Z", "fetched_at": "2025-07-14T18:10:49.755139+00:00", "symbol": "DOGE-USD"}, {"trade_id": 139007832, "side": "buy", "size": "5.60000000", "price": "0.19870000", "time": "2025-07-14T18:09:06.831750Z", "fetched_at": "2025-07-14T18:10:49.755139+00:00", "symbol": "DOGE-USD"}, {"trade_id": 139007831, "side": "buy", "size": "462.10000000", "price": "0.19872000", "time": "2025-07-14T18:09:06.560277Z", "fetched_at": "2025-07-14T18:10:49.755139+00:00", "symbol": "DOGE-USD"}, {"trade_id": 139007830, "side": "buy", "size": "5.60000000", "price": "0.19872000", "time": "2025-07-14T18:09:06.560277Z", "fetched_at": "2025-07-14T18:10:49.755139+00:00", "symbol": "DOGE-USD"}, {"trade_id": 139007829, "side": "sell", "size": "18174.10000000", "price": "0.19877000", "time": "2025-07-14T18:09:02.928438Z", "fetched_at": "2025-07-14T18:10:49.755139+00:00", "symbol": "DOGE-USD"}, {"trade_id": 139007828, "side": "sell", "size": "500.00000000", "price": "0.19873000", "time": "2025-07-14T18:09:01.880092Z", "fetched_at": "2025-07-14T18:10:49.755139+00:00", "symbol": "DOGE-USD"}, {"trade_id": 139007827, "side": "sell", "size": "0.10000000", "price": "0.19878000", "time": "2025-07-14T18:09:00.108304Z", "fetched_at": "2025-07-14T18:10:49.755139+00:00", "symbol": "DOGE-USD"}, {"trade_id": 139007826, "side": "sell", "size": "0.10000000", "price": "0.19878000", "time": "2025-07-14T18:09:00.065766Z", "fetched_at": "2025-07-14T18:10:49.755139+00:00", "symbol": "DOGE-USD"}, {"trade_id": 139007825, "side": "sell", "size": "0.10000000", "price": "0.19879000", "time": "2025-07-14T18:08:59.245538Z", "fetched_at": "2025-07-14T18:10:49.755139+00:00", "symbol": "DOGE-USD"}, {"trade_id": 139007824, "side": "sell", "size": "432.90000000", "price": "0.19873000", "time": "2025-07-14T18:08:59.171482Z", "fetched_at": "2025-07-14T18:10:49.755139+00:00", "symbol": "DOGE-USD"}, {"trade_id": 139007823, "side": "buy", "size": "3017.60000000", "price": "0.19874000", "time": "2025-07-14T18:08:59.170657Z", "fetched_at": "2025-07-14T18:10:49.755139+00:00", "symbol": "DOGE-USD"}, {"trade_id": 139007822, "side": "buy", "size": "2500.00000000", "price": "0.19873000", "time": "2025-07-14T18:08:59.166932Z", "fetched_at": "2025-07-14T18:10:49.755139+00:00", "symbol": "DOGE-USD"}, {"trade_id": 139007821, "side": "buy", "size": "12159.90000000", "price": "0.19873000", "time": "2025-07-14T18:08:59.166204Z", "fetched_at": "2025-07-14T18:10:49.755139+00:00", "symbol": "DOGE-USD"}, {"trade_id": 139007820, "side": "buy", "size": "5.60000000", "price": "0.19874000", "time": "2025-07-14T18:08:59.166204Z", "fetched_at": "2025-07-14T18:10:49.755139+00:00", "symbol": "DOGE-USD"}, {"trade_id": 139007819, "side": "buy", "size": "810.00000000", "price": "0.19874000", "time": "2025-07-14T18:08:59.166204Z", "fetched_at": "2025-07-14T18:10:49.755139+00:00", "symbol": "DOGE-USD"}, {"trade_id": 139007818, "side": "buy", "size": "2000.00000000", "price": "0.19875000", "time": "2025-07-14T18:08:59.166204Z", "fetched_at": "2025-07-14T18:10:49.755139+00:00", "symbol": "DOGE-USD"}, {"trade_id": 139007817, "side": "buy", "size": "25.10000000", "price": "0.19875000", "time": "2025-07-14T18:08:59.166204Z", "fetched_at": "2025-07-14T18:10:49.755139+00:00", "symbol": "DOGE-USD"}, {"trade_id": 139007816, "side": "buy", "size": "5.60000000", "price": "0.19876000", "time": "2025-07-14T18:08:59.166204Z", "fetched_at": "2025-07-14T18:10:49.755139+00:00", "symbol": "DOGE-USD"}, {"trade_id": 139007815, "side": "buy", "size": "10000.00000000", "price": "0.19877000", "time": "2025-07-14T18:08:59.166204Z", "fetched_at": "2025-07-14T18:10:49.755139+00:00", "symbol": "DOGE-USD"}, {"trade_id": 139007814, "side": "buy", "size": "810.00000000", "price": "0.19877000", "time": "2025-07-14T18:08:59.166204Z", "fetched_at": "2025-07-14T18:10:49.755139+00:00", "symbol": "DOGE-USD"}, {"trade_id": 139007813, "side": "buy", "size": "1291.60000000", "price": "0.19878000", "time": "2025-07-14T18:08:59.165316Z", "fetched_at": "2025-07-14T18:10:49.755139+00:00", "symbol": "DOGE-USD"}, {"trade_id": 139007812, "side": "buy", "size": "1845.90000000", "price": "0.19878000", "time": "2025-07-14T18:08:59.165316Z", "fetched_at": "2025-07-14T18:10:49.755139+00:00", "symbol": "DOGE-USD"}, {"trade_id": 139007811, "side": "buy", "size": "5.60000000", "price": "0.19878000", "time": "2025-07-14T18:08:59.165316Z", "fetched_at": "2025-07-14T18:10:49.755139+00:00", "symbol": "DOGE-USD"}, {"trade_id": 139007810, "side": "buy", "size": "2500.00000000", "price": "0.19879000", "time": "2025-07-14T18:08:59.165084Z", "fetched_at": "2025-07-14T18:10:49.755139+00:00", "symbol": "DOGE-USD"}, {"trade_id": 139007809, "side": "buy", "size": "24860.20000000", "price": "0.19879000", "time": "2025-07-14T18:08:59.165084Z", "fetched_at": "2025-07-14T18:10:49.755139+00:00", "symbol": "DOGE-USD"}, {"trade_id": 139007808, "side": "buy", "size": "5.60000000", "price": "0.19880000", "time": "2025-07-14T18:08:59.165084Z", "fetched_at": "2025-07-14T18:10:49.755139+00:00", "symbol": "DOGE-USD"}, {"trade_id": 139007807, "side": "buy", "size": "969.80000000", "price": "0.19881000", "time": "2025-07-14T18:08:59.165084Z", "fetched_at": "2025-07-14T18:10:49.755139+00:00", "symbol": "DOGE-USD"}, {"trade_id": 139007806, "side": "buy", "size": "700.00000000", "price": "0.19882000", "time": "2025-07-14T18:08:59.165084Z", "fetched_at": "2025-07-14T18:10:49.755139+00:00", "symbol": "DOGE-USD"}, {"trade_id": 139007805, "side": "buy", "size": "5.60000000", "price": "0.19882000", "time": "2025-07-14T18:08:59.165084Z", "fetched_at": "2025-07-14T18:10:49.755139+00:00", "symbol": "DOGE-USD"}, {"trade_id": 139007804, "side": "buy", "size": "5.60000000", "price": "0.19884000", "time": "2025-07-14T18:08:58.619612Z", "fetched_at": "2025-07-14T18:10:49.755139+00:00", "symbol": "DOGE-USD"}, {"trade_id": 139007803, "side": "buy", "size": "5.60000000", "price": "0.19886000", "time": "2025-07-14T18:08:58.619612Z", "fetched_at": "2025-07-14T18:10:49.755139+00:00", "symbol": "DOGE-USD"}, {"trade_id": 139007802, "side": "sell", "size": "48.90000000", "price": "0.19887000", "time": "2025-07-14T18:08:58.144455Z", "fetched_at": "2025-07-14T18:10:49.755139+00:00", "symbol": "DOGE-USD"}, {"trade_id": 139007801, "side": "sell", "size": "411.10000000", "price": "0.19889000", "time": "2025-07-14T18:08:54.899128Z", "fetched_at": "2025-07-14T18:10:49.755139+00:00", "symbol": "DOGE-USD"}, {"trade_id": 139007800, "side": "sell", "size": "810.00000000", "price": "0.19888000", "time": "2025-07-14T18:08:54.899128Z", "fetched_at": "2025-07-14T18:10:49.755139+00:00", "symbol": "DOGE-USD"}, {"trade_id": 139007799, "side": "buy", "size": "1799.50000000", "price": "0.19887000", "time": "2025-07-14T18:08:51.373667Z", "fetched_at": "2025-07-14T18:10:49.755139+00:00", "symbol": "DOGE-USD"}, {"trade_id": 139007798, "side": "buy", "size": "5.60000000", "price": "0.19888000", "time": "2025-07-14T18:08:51.373667Z", "fetched_at": "2025-07-14T18:10:49.755139+00:00", "symbol": "DOGE-USD"}, {"trade_id": 139007797, "side": "buy", "size": "969.80000000", "price": "0.19889000", "time": "2025-07-14T18:08:51.373667Z", "fetched_at": "2025-07-14T18:10:49.755139+00:00", "symbol": "DOGE-USD"}, {"trade_id": 139007796, "side": "buy", "size": "1449.70000000", "price": "0.19889000", "time": "2025-07-14T18:08:51.373667Z", "fetched_at": "2025-07-14T18:10:49.755139+00:00", "symbol": "DOGE-USD"}, {"trade_id": 139007795, "side": "buy", "size": "5.60000000", "price": "0.19890000", "time": "2025-07-14T18:08:51.373667Z", "fetched_at": "2025-07-14T18:10:49.755139+00:00", "symbol": "DOGE-USD"}, {"trade_id": 139007794, "side": "buy", "size": "286.20000000", "price": "0.19891000", "time": "2025-07-14T18:08:51.373667Z", "fetched_at": "2025-07-14T18:10:49.755139+00:00", "symbol": "DOGE-USD"}, {"trade_id": 139007793, "side": "sell", "size": "203.90000000", "price": "0.19893000", "time": "2025-07-14T18:08:50.769235Z", "fetched_at": "2025-07-14T18:10:49.755139+00:00", "symbol": "DOGE-USD"}, {"trade_id": 139007792, "side": "buy", "size": "37.10000000", "price": "0.19894000", "time": "2025-07-14T18:08:49.850111Z", "fetched_at": "2025-07-14T18:10:49.755139+00:00", "symbol": "DOGE-USD"}, {"trade_id": 139007791, "side": "buy", "size": "226.40000000", "price": "0.19891000", "time": "2025-07-14T18:08:45.255527Z", "fetched_at": "2025-07-14T18:10:49.755139+00:00", "symbol": "DOGE-USD"}, {"trade_id": 139007790, "side": "buy", "size": "5.10000000", "price": "0.19892000", "time": "2025-07-14T18:08:45.255527Z", "fetched_at": "2025-07-14T18:10:49.755139+00:00", "symbol": "DOGE-USD"}, {"trade_id": 139007789, "side": "buy", "size": "5.60000000", "price": "0.19892000", "time": "2025-07-14T18:08:45.255527Z", "fetched_at": "2025-07-14T18:10:49.755139+00:00", "symbol": "DOGE-USD"}, {"trade_id": 139007788, "side": "buy", "size": "5.60000000", "price": "0.19894000", "time": "2025-07-14T18:08:45.255527Z", "fetched_at": "2025-07-14T18:10:49.755139+00:00", "symbol": "DOGE-USD"}, {"trade_id": 139007787, "side": "buy", "size": "5.60000000", "price": "0.19896000", "time": "2025-07-14T18:08:45.112669Z", "fetched_at": "2025-07-14T18:10:49.755139+00:00", "symbol": "DOGE-USD"}, {"trade_id": 139007786, "side": "buy", "size": "5.60000000", "price": "0.19898000", "time": "2025-07-14T18:08:44.451336Z", "fetched_at": "2025-07-14T18:10:49.755139+00:00", "symbol": "DOGE-USD"}, {"trade_id": 139007785, "side": "buy", "size": "5.60000000", "price": "0.19900000", "time": "2025-07-14T18:08:43.551012Z", "fetched_at": "2025-07-14T18:10:49.755139+00:00", "symbol": "DOGE-USD"}, {"trade_id": 139007784, "side": "buy", "size": "1196.30000000", "price": "0.19902000", "time": "2025-07-14T18:08:40.151948Z", "fetched_at": "2025-07-14T18:10:49.755139+00:00", "symbol": "DOGE-USD"}, {"trade_id": 139007783, "side": "sell", "size": "1045.30000000", "price": "0.19903000", "time": "2025-07-14T18:08:38.779366Z", "fetched_at": "2025-07-14T18:10:49.755139+00:00", "symbol": "DOGE-USD"}, {"trade_id": 139007782, "side": "sell", "size": "4.90000000", "price": "0.19905000", "time": "2025-07-14T18:08:36.171454Z", "fetched_at": "2025-07-14T18:10:49.755139+00:00", "symbol": "DOGE-USD"}, {"trade_id": 139007781, "side": "sell", "size": "119.10000000", "price": "0.19906000", "time": "2025-07-14T18:08:35.608281Z", "fetched_at": "2025-07-14T18:10:49.755139+00:00", "symbol": "DOGE-USD"}, {"trade_id": 139007780, "side": "buy", "size": "39.20000000", "price": "0.19902000", "time": "2025-07-14T18:08:35.161753Z", "fetched_at": "2025-07-14T18:10:49.755139+00:00", "symbol": "DOGE-USD"}, {"trade_id": 139007779, "side": "buy", "size": "5.60000000", "price": "0.19902000", "time": "2025-07-14T18:08:35.161753Z", "fetched_at": "2025-07-14T18:10:49.755139+00:00", "symbol": "DOGE-USD"}, {"trade_id": 139007778, "side": "buy", "size": "5.60000000", "price": "0.19904000", "time": "2025-07-14T18:08:35.161753Z", "fetched_at": "2025-07-14T18:10:49.755139+00:00", "symbol": "DOGE-USD"}, {"trade_id": 139007777, "side": "buy", "size": "5.60000000", "price": "0.19906000", "time": "2025-07-14T18:08:35.161753Z", "fetched_at": "2025-07-14T18:10:49.755139+00:00", "symbol": "DOGE-USD"}, {"trade_id": 139007776, "side": "sell", "size": "1851.70000000", "price": "0.19908000", "time": "2025-07-14T18:08:34.291023Z", "fetched_at": "2025-07-14T18:10:49.755139+00:00", "symbol": "DOGE-USD"}, {"trade_id": 139007775, "side": "sell", "size": "810.00000000", "price": "0.19908000", "time": "2025-07-14T18:08:34.291023Z", "fetched_at": "2025-07-14T18:10:49.755139+00:00", "symbol": "DOGE-USD"}, {"trade_id": 139007774, "side": "sell", "size": "183.00000000", "price": "0.19907000", "time": "2025-07-14T18:08:34.291023Z", "fetched_at": "2025-07-14T18:10:49.755139+00:00", "symbol": "DOGE-USD"}, {"trade_id": 139007773, "side": "sell", "size": "45.50000000", "price": "0.19907000", "time": "2025-07-14T18:08:34.291023Z", "fetched_at": "2025-07-14T18:10:49.755139+00:00", "symbol": "DOGE-USD"}, {"trade_id": 139007772, "side": "sell", "size": "1314.90000000", "price": "0.19907000", "time": "2025-07-14T18:08:34.291023Z", "fetched_at": "2025-07-14T18:10:49.755139+00:00", "symbol": "DOGE-USD"}, {"trade_id": 139007771, "side": "sell", "size": "1514.40000000", "price": "0.19907000", "time": "2025-07-14T18:08:34.291023Z", "fetched_at": "2025-07-14T18:10:49.755139+00:00", "symbol": "DOGE-USD"}, {"trade_id": 139007770, "side": "sell", "size": "700.00000000", "price": "0.19907000", "time": "2025-07-14T18:08:34.291023Z", "fetched_at": "2025-07-14T18:10:49.755139+00:00", "symbol": "DOGE-USD"}, {"trade_id": 139007769, "side": "sell", "size": "1399.40000000", "price": "0.19907000", "time": "2025-07-14T18:08:34.291023Z", "fetched_at": "2025-07-14T18:10:49.755139+00:00", "symbol": "DOGE-USD"}, {"trade_id": 139007768, "side": "buy", "size": "5.60000000", "price": "0.19908000", "time": "2025-07-14T18:08:33.212265Z", "fetched_at": "2025-07-14T18:10:49.755139+00:00", "symbol": "DOGE-USD"}, {"trade_id": 139007767, "side": "buy", "size": "235.90000000", "price": "0.19910000", "time": "2025-07-14T18:08:31.853985Z", "fetched_at": "2025-07-14T18:10:49.755139+00:00", "symbol": "DOGE-USD"}, {"trade_id": 139007766, "side": "buy", "size": "8.80000000", "price": "0.19910000", "time": "2025-07-14T18:08:31.853985Z", "fetched_at": "2025-07-14T18:10:49.755139+00:00", "symbol": "DOGE-USD"}, {"trade_id": 139007765, "side": "sell", "size": "5.60000000", "price": "0.19912000", "time": "2025-07-14T18:08:25.745807Z", "fetched_at": "2025-07-14T18:10:49.755139+00:00", "symbol": "DOGE-USD"}, {"trade_id": 139007764, "side": "sell", "size": "203.90000000", "price": "0.19911000", "time": "2025-07-14T18:08:25.714104Z", "fetched_at": "2025-07-14T18:10:49.755139+00:00", "symbol": "DOGE-USD"}, {"trade_id": 139007763, "side": "buy", "size": "15.50000000", "price": "0.19905000", "time": "2025-07-14T18:08:19.491727Z", "fetched_at": "2025-07-14T18:10:49.755139+00:00", "symbol": "DOGE-USD"}, {"trade_id": 139007762, "side": "buy", "size": "5.60000000", "price": "0.19906000", "time": "2025-07-14T18:08:19.491727Z", "fetched_at": "2025-07-14T18:10:49.755139+00:00", "symbol": "DOGE-USD"}, {"trade_id": 139007761, "side": "sell", "size": "18033.10000000", "price": "0.19910000", "time": "2025-07-14T18:08:16.857901Z", "fetched_at": "2025-07-14T18:10:49.755139+00:00", "symbol": "DOGE-USD"}, {"trade_id": 139007760, "side": "sell", "size": "17930.20000000", "price": "0.19909000", "time": "2025-07-14T18:08:12.979757Z", "fetched_at": "2025-07-14T18:10:49.755139+00:00", "symbol": "DOGE-USD"}, {"trade_id": 139007759, "side": "sell", "size": "23.80000000", "price": "0.19909000", "time": "2025-07-14T18:08:12.544059Z", "fetched_at": "2025-07-14T18:10:49.755139+00:00", "symbol": "DOGE-USD"}, {"trade_id": 139007758, "side": "sell", "size": "47.60000000", "price": "0.19907000", "time": "2025-07-14T18:08:12.209358Z", "fetched_at": "2025-07-14T18:10:49.755139+00:00", "symbol": "DOGE-USD"}, {"trade_id": 139007757, "side": "sell", "size": "23.80000000", "price": "0.19907000", "time": "2025-07-14T18:08:11.881886Z", "fetched_at": "2025-07-14T18:10:49.755139+00:00", "symbol": "DOGE-USD"}, {"trade_id": 139007756, "side": "sell", "size": "17912.70000000", "price": "0.19907000", "time": "2025-07-14T18:08:11.061104Z", "fetched_at": "2025-07-14T18:10:49.755139+00:00", "symbol": "DOGE-USD"}, {"trade_id": 139007755, "side": "sell", "size": "1496.00000000", "price": "0.19905000", "time": "2025-07-14T18:08:11.042568Z", "fetched_at": "2025-07-14T18:10:49.755139+00:00", "symbol": "DOGE-USD"}, {"trade_id": 139007754, "side": "buy", "size": "1484.60000000", "price": "0.19901000", "time": "2025-07-14T18:08:10.261337Z", "fetched_at": "2025-07-14T18:10:49.755139+00:00", "symbol": "DOGE-USD"}, {"trade_id": 139007753, "side": "buy", "size": "1533.20000000", "price": "0.19902000", "time": "2025-07-14T18:08:10.261337Z", "fetched_at": "2025-07-14T18:10:49.755139+00:00", "symbol": "DOGE-USD"}, {"trade_id": 139007752, "side": "buy", "size": "5.60000000", "price": "0.19904000", "time": "2025-07-14T18:08:10.259433Z", "fetched_at": "2025-07-14T18:10:49.755139+00:00", "symbol": "DOGE-USD"}, {"trade_id": 139007751, "side": "buy", "size": "38594.80000000", "price": "0.19905000", "time": "2025-07-14T18:08:10.259433Z", "fetched_at": "2025-07-14T18:10:49.755139+00:00", "symbol": "DOGE-USD"}, {"trade_id": 139007750, "side": "buy", "size": "12673.40000000", "price": "0.19905000", "time": "2025-07-14T18:08:10.259392Z", "fetched_at": "2025-07-14T18:10:49.755139+00:00", "symbol": "DOGE-USD"}, {"trade_id": 139007749, "side": "buy", "size": "11231.80000000", "price": "0.19905000", "time": "2025-07-14T18:08:10.254844Z", "fetched_at": "2025-07-14T18:10:49.755139+00:00", "symbol": "DOGE-USD"}, {"trade_id": 139007748, "side": "sell", "size": "810.00000000", "price": "0.19908000", "time": "2025-07-14T18:08:10.066812Z", "fetched_at": "2025-07-14T18:10:49.755139+00:00", "symbol": "DOGE-USD"}, {"trade_id": 139007747, "side": "sell", "size": "288.60000000", "price": "0.19908000", "time": "2025-07-14T18:08:10.066812Z", "fetched_at": "2025-07-14T18:10:49.755139+00:00", "symbol": "DOGE-USD"}, {"trade_id": 139007746, "side": "buy", "size": "72269.50000000", "price": "0.19877000", "time": "2025-07-14T18:08:10.002890Z", "fetched_at": "2025-07-14T18:10:49.755139+00:00", "symbol": "DOGE-USD"}, {"trade_id": 139007745, "side": "buy", "size": "10856.20000000", "price": "0.19877000", "time": "2025-07-14T18:08:10.002890Z", "fetched_at": "2025-07-14T18:10:49.755139+00:00", "symbol": "DOGE-USD"}, {"trade_id": 139007744, "side": "buy", "size": "43344.10000000", "price": "0.19877000", "time": "2025-07-14T18:08:10.002890Z", "fetched_at": "2025-07-14T18:10:49.755139+00:00", "symbol": "DOGE-USD"}, {"trade_id": 139007743, "side": "buy", "size": "62886.10000000", "price": "0.19877000", "time": "2025-07-14T18:08:10.002890Z", "fetched_at": "2025-07-14T18:10:49.755139+00:00", "symbol": "DOGE-USD"}, {"trade_id": 139007742, "side": "buy", "size": "5696.50000000", "price": "0.19877000", "time": "2025-07-14T18:08:10.002890Z", "fetched_at": "2025-07-14T18:10:49.755139+00:00", "symbol": "DOGE-USD"}, {"trade_id": 139007741, "side": "buy", "size": "5696.50000000", "price": "0.19878000", "time": "2025-07-14T18:08:10.002890Z", "fetched_at": "2025-07-14T18:10:49.755139+00:00", "symbol": "DOGE-USD"}, {"trade_id": 139007740, "side": "buy", "size": "5242.50000000", "price": "0.19879000", "time": "2025-07-14T18:08:10.002890Z", "fetched_at": "2025-07-14T18:10:49.755139+00:00", "symbol": "DOGE-USD"}, {"trade_id": 139007739, "side": "buy", "size": "810.00000000", "price": "0.19879000", "time": "2025-07-14T18:08:10.002890Z", "fetched_at": "2025-07-14T18:10:49.755139+00:00", "symbol": "DOGE-USD"}, {"trade_id": 139007738, "side": "buy", "size": "5696.50000000", "price": "0.19879000", "time": "2025-07-14T18:08:10.002890Z", "fetched_at": "2025-07-14T18:10:49.755139+00:00", "symbol": "DOGE-USD"}, {"trade_id": 139007737, "side": "buy", "size": "5.60000000", "price": "0.19880000", "time": "2025-07-14T18:08:10.002890Z", "fetched_at": "2025-07-14T18:10:49.755139+00:00", "symbol": "DOGE-USD"}, {"trade_id": 139007736, "side": "buy", "size": "5696.50000000", "price": "0.19880000", "time": "2025-07-14T18:08:10.002890Z", "fetched_at": "2025-07-14T18:10:49.755139+00:00", "symbol": "DOGE-USD"}, {"trade_id": 139007735, "side": "buy", "size": "810.00000000", "price": "0.19881000", "time": "2025-07-14T18:08:10.002890Z", "fetched_at": "2025-07-14T18:10:49.755139+00:00", "symbol": "DOGE-USD"}, {"trade_id": 139007734, "side": "buy", "size": "24860.20000000", "price": "0.19881000", "time": "2025-07-14T18:08:10.002890Z", "fetched_at": "2025-07-14T18:10:49.755139+00:00", "symbol": "DOGE-USD"}, {"trade_id": 139007733, "side": "buy", "size": "5696.50000000", "price": "0.19881000", "time": "2025-07-14T18:08:10.002890Z", "fetched_at": "2025-07-14T18:10:49.755139+00:00", "symbol": "DOGE-USD"}, {"trade_id": 139007732, "side": "buy", "size": "62362.90000000", "price": "0.19882000", "time": "2025-07-14T18:08:10.002890Z", "fetched_at": "2025-07-14T18:10:49.755139+00:00", "symbol": "DOGE-USD"}, {"trade_id": 139007731, "side": "buy", "size": "5697.60000000", "price": "0.19882000", "time": "2025-07-14T18:08:10.002890Z", "fetched_at": "2025-07-14T18:10:49.755139+00:00", "symbol": "DOGE-USD"}, {"trade_id": 139007730, "side": "buy", "size": "810.00000000", "price": "0.19883000", "time": "2025-07-14T18:08:10.002890Z", "fetched_at": "2025-07-14T18:10:49.755139+00:00", "symbol": "DOGE-USD"}, {"trade_id": 139007729, "side": "buy", "size": "2092.60000000", "price": "0.19883000", "time": "2025-07-14T18:08:10.002890Z", "fetched_at": "2025-07-14T18:10:49.755139+00:00", "symbol": "DOGE-USD"}, {"trade_id": 139007728, "side": "buy", "size": "5697.60000000", "price": "0.19883000", "time": "2025-07-14T18:08:10.002890Z", "fetched_at": "2025-07-14T18:10:49.755139+00:00", "symbol": "DOGE-USD"}, {"trade_id": 139007727, "side": "buy", "size": "13504.10000000", "price": "0.19884000", "time": "2025-07-14T18:08:10.002890Z", "fetched_at": "2025-07-14T18:10:49.755139+00:00", "symbol": "DOGE-USD"}, {"trade_id": 139007726, "side": "buy", "size": "5.60000000", "price": "0.19884000", "time": "2025-07-14T18:08:10.002890Z", "fetched_at": "2025-07-14T18:10:49.755139+00:00", "symbol": "DOGE-USD"}, {"trade_id": 139007725, "side": "buy", "size": "5697.60000000", "price": "0.19884000", "time": "2025-07-14T18:08:10.002890Z", "fetched_at": "2025-07-14T18:10:49.755139+00:00", "symbol": "DOGE-USD"}, {"trade_id": 139007724, "side": "buy", "size": "15531.70000000", "price": "0.19885000", "time": "2025-07-14T18:08:10.002890Z", "fetched_at": "2025-07-14T18:10:49.755139+00:00", "symbol": "DOGE-USD"}, {"trade_id": 139007723, "side": "buy", "size": "62859.80000000", "price": "0.19885000", "time": "2025-07-14T18:08:10.002890Z", "fetched_at": "2025-07-14T18:10:49.755139+00:00", "symbol": "DOGE-USD"}, {"trade_id": 139007722, "side": "buy", "size": "5697.60000000", "price": "0.19885000", "time": "2025-07-14T18:08:10.002890Z", "fetched_at": "2025-07-14T18:10:49.755139+00:00", "symbol": "DOGE-USD"}, {"trade_id": 139007721, "side": "buy", "size": "24860.20000000", "price": "0.19886000", "time": "2025-07-14T18:08:10.002890Z", "fetched_at": "2025-07-14T18:10:49.755139+00:00", "symbol": "DOGE-USD"}, {"trade_id": 139007720, "side": "buy", "size": "5720.30000000", "price": "0.19886000", "time": "2025-07-14T18:08:10.002890Z", "fetched_at": "2025-07-14T18:10:49.755139+00:00", "symbol": "DOGE-USD"}, {"trade_id": 139007719, "side": "buy", "size": "810.00000000", "price": "0.19887000", "time": "2025-07-14T18:08:10.002890Z", "fetched_at": "2025-07-14T18:10:49.755139+00:00", "symbol": "DOGE-USD"}, {"trade_id": 139007718, "side": "buy", "size": "5720.30000000", "price": "0.19887000", "time": "2025-07-14T18:08:10.002890Z", "fetched_at": "2025-07-14T18:10:49.755139+00:00", "symbol": "DOGE-USD"}, {"trade_id": 139007717, "side": "buy", "size": "2082.30000000", "price": "0.19888000", "time": "2025-07-14T18:08:10.002890Z", "fetched_at": "2025-07-14T18:10:49.755139+00:00", "symbol": "DOGE-USD"}, {"trade_id": 139007716, "side": "buy", "size": "5.60000000", "price": "0.19888000", "time": "2025-07-14T18:08:10.002890Z", "fetched_at": "2025-07-14T18:10:49.755139+00:00", "symbol": "DOGE-USD"}, {"trade_id": 139007715, "side": "buy", "size": "5720.30000000", "price": "0.19888000", "time": "2025-07-14T18:08:10.002890Z", "fetched_at": "2025-07-14T18:10:49.755139+00:00", "symbol": "DOGE-USD"}, {"trade_id": 139007714, "side": "buy", "size": "5000.00000000", "price": "0.19889000", "time": "2025-07-14T18:08:10.002890Z", "fetched_at": "2025-07-14T18:10:49.755139+00:00", "symbol": "DOGE-USD"}, {"trade_id": 139007713, "side": "buy", "size": "810.00000000", "price": "0.19889000", "time": "2025-07-14T18:08:10.002890Z", "fetched_at": "2025-07-14T18:10:49.755139+00:00", "symbol": "DOGE-USD"}, {"trade_id": 139007712, "side": "buy", "size": "5720.30000000", "price": "0.19889000", "time": "2025-07-14T18:08:10.002890Z", "fetched_at": "2025-07-14T18:10:49.755139+00:00", "symbol": "DOGE-USD"}, {"trade_id": 139007711, "side": "buy", "size": "80000.00000000", "price": "0.19890000", "time": "2025-07-14T18:08:10.002890Z", "fetched_at": "2025-07-14T18:10:49.755139+00:00", "symbol": "DOGE-USD"}, {"trade_id": 139007710, "side": "buy", "size": "62845.50000000", "price": "0.19890000", "time": "2025-07-14T18:08:10.002890Z", "fetched_at": "2025-07-14T18:10:49.755139+00:00", "symbol": "DOGE-USD"}, {"trade_id": 139007709, "side": "buy", "size": "5720.10000000", "price": "0.19890000", "time": "2025-07-14T18:08:10.002890Z", "fetched_at": "2025-07-14T18:10:49.755139+00:00", "symbol": "DOGE-USD"}, {"trade_id": 139007708, "side": "buy", "size": "810.00000000", "price": "0.19891000", "time": "2025-07-14T18:08:10.002890Z", "fetched_at": "2025-07-14T18:10:49.755139+00:00", "symbol": "DOGE-USD"}, {"trade_id": 139007707, "side": "buy", "size": "5720.10000000", "price": "0.19891000", "time": "2025-07-14T18:08:10.002890Z", "fetched_at": "2025-07-14T18:10:49.755139+00:00", "symbol": "DOGE-USD"}, {"trade_id": 139007706, "side": "buy", "size": "5.60000000", "price": "0.19892000", "time": "2025-07-14T18:08:10.002890Z", "fetched_at": "2025-07-14T18:10:49.755139+00:00", "symbol": "DOGE-USD"}, {"trade_id": 139007705, "side": "buy", "size": "5720.10000000", "price": "0.19892000", "time": "2025-07-14T18:08:10.002890Z", "fetched_at": "2025-07-14T18:10:49.755139+00:00", "symbol": "DOGE-USD"}, {"trade_id": 139007704, "side": "buy", "size": "5000.00000000", "price": "0.19893000", "time": "2025-07-14T18:08:10.002890Z", "fetched_at": "2025-07-14T18:10:49.755139+00:00", "symbol": "DOGE-USD"}, {"trade_id": 139007703, "side": "buy", "size": "34678.00000000", "price": "0.19893000", "time": "2025-07-14T18:08:10.002890Z", "fetched_at": "2025-07-14T18:10:49.755139+00:00", "symbol": "DOGE-USD"}, {"trade_id": 139007702, "side": "buy", "size": "810.00000000", "price": "0.19893000", "time": "2025-07-14T18:08:10.002890Z", "fetched_at": "2025-07-14T18:10:49.755139+00:00", "symbol": "DOGE-USD"}, {"trade_id": 139007701, "side": "buy", "size": "5720.10000000", "price": "0.19893000", "time": "2025-07-14T18:08:10.002890Z", "fetched_at": "2025-07-14T18:10:49.755139+00:00", "symbol": "DOGE-USD"}, {"trade_id": 139007700, "side": "buy", "size": "456.10000000", "price": "0.19893000", "time": "2025-07-14T18:08:10.002890Z", "fetched_at": "2025-07-14T18:10:49.755139+00:00", "symbol": "DOGE-USD"}, {"trade_id": 139007699, "side": "buy", "size": "5.60000000", "price": "0.19894000", "time": "2025-07-14T18:08:10.002890Z", "fetched_at": "2025-07-14T18:10:49.755139+00:00", "symbol": "DOGE-USD"}, {"trade_id": 139007698, "side": "buy", "size": "10385.00000000", "price": "0.19894000", "time": "2025-07-14T18:08:10.002890Z", "fetched_at": "2025-07-14T18:10:49.755139+00:00", "symbol": "DOGE-USD"}, {"trade_id": 139007697, "side": "buy", "size": "5720.10000000", "price": "0.19894000", "time": "2025-07-14T18:08:10.002890Z", "fetched_at": "2025-07-14T18:10:49.755139+00:00", "symbol": "DOGE-USD"}, {"trade_id": 139007696, "side": "buy", "size": "810.00000000", "price": "0.19895000", "time": "2025-07-14T18:08:10.002890Z", "fetched_at": "2025-07-14T18:10:49.755139+00:00", "symbol": "DOGE-USD"}, {"trade_id": 139007695, "side": "buy", "size": "5720.10000000", "price": "0.19895000", "time": "2025-07-14T18:08:10.002890Z", "fetched_at": "2025-07-14T18:10:49.755139+00:00", "symbol": "DOGE-USD"}, {"trade_id": 139007694, "side": "buy", "size": "3584.30000000", "price": "0.19896000", "time": "2025-07-14T18:08:10.002890Z", "fetched_at": "2025-07-14T18:10:49.755139+00:00", "symbol": "DOGE-USD"}, {"trade_id": 139007693, "side": "buy", "size": "5.60000000", "price": "0.19896000", "time": "2025-07-14T18:08:10.002890Z", "fetched_at": "2025-07-14T18:10:49.755139+00:00", "symbol": "DOGE-USD"}, {"trade_id": 139007692, "side": "buy", "size": "24860.20000000", "price": "0.19896000", "time": "2025-07-14T18:08:10.002890Z", "fetched_at": "2025-07-14T18:10:49.755139+00:00", "symbol": "DOGE-USD"}, {"trade_id": 139007691, "side": "buy", "size": "5720.10000000", "price": "0.19896000", "time": "2025-07-14T18:08:10.002890Z", "fetched_at": "2025-07-14T18:10:49.755139+00:00", "symbol": "DOGE-USD"}, {"trade_id": 139007690, "side": "buy", "size": "810.00000000", "price": "0.19897000", "time": "2025-07-14T18:08:10.002890Z", "fetched_at": "2025-07-14T18:10:49.755139+00:00", "symbol": "DOGE-USD"}, {"trade_id": 139007689, "side": "buy", "size": "5720.60000000", "price": "0.19897000", "time": "2025-07-14T18:08:10.002890Z", "fetched_at": "2025-07-14T18:10:49.755139+00:00", "symbol": "DOGE-USD"}, {"trade_id": 139007688, "side": "buy", "size": "5552.10000000", "price": "0.19898000", "time": "2025-07-14T18:08:10.002890Z", "fetched_at": "2025-07-14T18:10:49.755139+00:00", "symbol": "DOGE-USD"}, {"trade_id": 139007687, "side": "buy", "size": "5.60000000", "price": "0.19898000", "time": "2025-07-14T18:08:10.002890Z", "fetched_at": "2025-07-14T18:10:49.755139+00:00", "symbol": "DOGE-USD"}, {"trade_id": 139007686, "side": "buy", "size": "5720.60000000", "price": "0.19898000", "time": "2025-07-14T18:08:10.002890Z", "fetched_at": "2025-07-14T18:10:49.755139+00:00", "symbol": "DOGE-USD"}, {"trade_id": 139007685, "side": "buy", "size": "810.00000000", "price": "0.19899000", "time": "2025-07-14T18:08:10.002890Z", "fetched_at": "2025-07-14T18:10:49.755139+00:00", "symbol": "DOGE-USD"}, {"trade_id": 139007684, "side": "buy", "size": "5719.40000000", "price": "0.19899000", "time": "2025-07-14T18:08:10.002890Z", "fetched_at": "2025-07-14T18:10:49.755139+00:00", "symbol": "DOGE-USD"}, {"trade_id": 139007683, "side": "buy", "size": "2009.80000000", "price": "0.19900000", "time": "2025-07-14T18:08:10.002890Z", "fetched_at": "2025-07-14T18:10:49.755139+00:00", "symbol": "DOGE-USD"}, {"trade_id": 139007682, "side": "buy", "size": "5.60000000", "price": "0.19900000", "time": "2025-07-14T18:08:10.002890Z", "fetched_at": "2025-07-14T18:10:49.755139+00:00", "symbol": "DOGE-USD"}, {"trade_id": 139007681, "side": "buy", "size": "2502.50000000", "price": "0.19900000", "time": "2025-07-14T18:08:10.002890Z", "fetched_at": "2025-07-14T18:10:49.755139+00:00", "symbol": "DOGE-USD"}, {"trade_id": 139007680, "side": "buy", "size": "24860.20000000", "price": "0.19900000", "time": "2025-07-14T18:08:10.002890Z", "fetched_at": "2025-07-14T18:10:49.755139+00:00", "symbol": "DOGE-USD"}, {"trade_id": 139007679, "side": "buy", "size": "5719.40000000", "price": "0.19900000", "time": "2025-07-14T18:08:10.002890Z", "fetched_at": "2025-07-14T18:10:49.755139+00:00", "symbol": "DOGE-USD"}, {"trade_id": 139007678, "side": "buy", "size": "1506.50000000", "price": "0.19901000", "time": "2025-07-14T18:08:10.002890Z", "fetched_at": "2025-07-14T18:10:49.755139+00:00", "symbol": "DOGE-USD"}, {"trade_id": 139007677, "side": "buy", "size": "810.00000000", "price": "0.19901000", "time": "2025-07-14T18:08:10.002890Z", "fetched_at": "2025-07-14T18:10:49.755139+00:00", "symbol": "DOGE-USD"}, {"trade_id": 139007676, "side": "buy", "size": "5719.40000000", "price": "0.19901000", "time": "2025-07-14T18:08:10.002890Z", "fetched_at": "2025-07-14T18:10:49.755139+00:00", "symbol": "DOGE-USD"}, {"trade_id": 139007675, "side": "buy", "size": "5.60000000", "price": "0.19902000", "time": "2025-07-14T18:08:10.002890Z", "fetched_at": "2025-07-14T18:10:49.755139+00:00", "symbol": "DOGE-USD"}, {"trade_id": 139007674, "side": "buy", "size": "5721.30000000", "price": "0.19902000", "time": "2025-07-14T18:08:10.002890Z", "fetched_at": "2025-07-14T18:10:49.755139+00:00", "symbol": "DOGE-USD"}, {"trade_id": 139007673, "side": "buy", "size": "2000.00000000", "price": "0.19903000", "time": "2025-07-14T18:08:10.002890Z", "fetched_at": "2025-07-14T18:10:49.755139+00:00", "symbol": "DOGE-USD"}, {"trade_id": 139007672, "side": "buy", "size": "10000.00000000", "price": "0.19903000", "time": "2025-07-14T18:08:10.002890Z", "fetched_at": "2025-07-14T18:10:49.755139+00:00", "symbol": "DOGE-USD"}, {"trade_id": 139007671, "side": "buy", "size": "810.00000000", "price": "0.19903000", "time": "2025-07-14T18:08:10.002890Z", "fetched_at": "2025-07-14T18:10:49.755139+00:00", "symbol": "DOGE-USD"}, {"trade_id": 139007670, "side": "buy", "size": "5721.30000000", "price": "0.19903000", "time": "2025-07-14T18:08:10.002890Z", "fetched_at": "2025-07-14T18:10:49.755139+00:00", "symbol": "DOGE-USD"}, {"trade_id": 139007669, "side": "buy", "size": "4056.70000000", "price": "0.19904000", "time": "2025-07-14T18:08:10.002890Z", "fetched_at": "2025-07-14T18:10:49.755139+00:00", "symbol": "DOGE-USD"}, {"trade_id": 139007668, "side": "buy", "size": "3011.70000000", "price": "0.19904000", "time": "2025-07-14T18:08:10.002890Z", "fetched_at": "2025-07-14T18:10:49.755139+00:00", "symbol": "DOGE-USD"}, {"trade_id": 139007667, "side": "buy", "size": "5.60000000", "price": "0.19904000", "time": "2025-07-14T18:08:10.002890Z", "fetched_at": "2025-07-14T18:10:49.755139+00:00", "symbol": "DOGE-USD"}, {"trade_id": 139007666, "side": "buy", "size": "24860.20000000", "price": "0.19904000", "time": "2025-07-14T18:08:10.002890Z", "fetched_at": "2025-07-14T18:10:49.755139+00:00", "symbol": "DOGE-USD"}, {"trade_id": 139007665, "side": "buy", "size": "5721.30000000", "price": "0.19904000", "time": "2025-07-14T18:08:10.002890Z", "fetched_at": "2025-07-14T18:10:49.755139+00:00", "symbol": "DOGE-USD"}, {"trade_id": 139007664, "side": "buy", "size": "5721.30000000", "price": "0.19905000", "time": "2025-07-14T18:08:10.002890Z", "fetched_at": "2025-07-14T18:10:49.755139+00:00", "symbol": "DOGE-USD"}, {"trade_id": 139007663, "side": "buy", "size": "2500.00000000", "price": "0.19906000", "time": "2025-07-14T18:08:10.002890Z", "fetched_at": "2025-07-14T18:10:49.755139+00:00", "symbol": "DOGE-USD"}, {"trade_id": 139007662, "side": "buy", "size": "5.60000000", "price": "0.19906000", "time": "2025-07-14T18:08:10.002890Z", "fetched_at": "2025-07-14T18:10:49.755139+00:00", "symbol": "DOGE-USD"}, {"trade_id": 139007661, "side": "buy", "size": "5721.30000000", "price": "0.19906000", "time": "2025-07-14T18:08:10.002890Z", "fetched_at": "2025-07-14T18:10:49.755139+00:00", "symbol": "DOGE-USD"}, {"trade_id": 139007660, "side": "buy", "size": "2799.10000000", "price": "0.19907000", "time": "2025-07-14T18:08:10.002890Z", "fetched_at": "2025-07-14T18:10:49.755139+00:00", "symbol": "DOGE-USD"}, {"trade_id": 139007659, "side": "buy", "size": "2795.80000000", "price": "0.19907000", "time": "2025-07-14T18:08:10.002890Z", "fetched_at": "2025-07-14T18:10:49.755139+00:00", "symbol": "DOGE-USD"}, {"trade_id": 139007658, "side": "buy", "size": "1356.10000000", "price": "0.19907000", "time": "2025-07-14T18:08:10.002890Z", "fetched_at": "2025-07-14T18:10:49.755139+00:00", "symbol": "DOGE-USD"}, {"trade_id": 139007657, "side": "buy", "size": "5563.20000000", "price": "0.19907000", "time": "2025-07-14T18:08:10.002890Z", "fetched_at": "2025-07-14T18:10:49.755139+00:00", "symbol": "DOGE-USD"}, {"trade_id": 139007656, "side": "buy", "size": "969.80000000", "price": "0.19908000", "time": "2025-07-14T18:08:10.002890Z", "fetched_at": "2025-07-14T18:10:49.755139+00:00", "symbol": "DOGE-USD"}, {"trade_id": 139007655, "side": "buy", "size": "2795.80000000", "price": "0.19908000", "time": "2025-07-14T18:08:10.002890Z", "fetched_at": "2025-07-14T18:10:49.755139+00:00", "symbol": "DOGE-USD"}, {"trade_id": 139007654, "side": "buy", "size": "2803.00000000", "price": "0.19908000", "time": "2025-07-14T18:08:10.002890Z", "fetched_at": "2025-07-14T18:10:49.755139+00:00", "symbol": "DOGE-USD"}, {"trade_id": 139007653, "side": "buy", "size": "5564.30000000", "price": "0.19908000", "time": "2025-07-14T18:08:10.002890Z", "fetched_at": "2025-07-14T18:10:49.755139+00:00", "symbol": "DOGE-USD"}, {"trade_id": 139007652, "side": "buy", "size": "1305.20000000", "price": "0.19908000", "time": "2025-07-14T18:08:10.002890Z", "fetched_at": "2025-07-14T18:10:49.755139+00:00", "symbol": "DOGE-USD"}, {"trade_id": 139007651, "side": "buy", "size": "17912.90000000", "price": "0.19908000", "time": "2025-07-14T18:08:10.002890Z", "fetched_at": "2025-07-14T18:10:49.755139+00:00", "symbol": "DOGE-USD"}, {"trade_id": 139007650, "side": "buy", "size": "5.60000000", "price": "0.19908000", "time": "2025-07-14T18:08:10.002890Z", "fetched_at": "2025-07-14T18:10:49.755139+00:00", "symbol": "DOGE-USD"}, {"trade_id": 139007649, "side": "buy", "size": "969.80000000", "price": "0.19909000", "time": "2025-07-14T18:08:10.002890Z", "fetched_at": "2025-07-14T18:10:49.755139+00:00", "symbol": "DOGE-USD"}, {"trade_id": 139007648, "side": "buy", "size": "1838.30000000", "price": "0.19909000", "time": "2025-07-14T18:08:10.002890Z", "fetched_at": "2025-07-14T18:10:49.755139+00:00", "symbol": "DOGE-USD"}, {"trade_id": 139007647, "side": "buy", "size": "5.60000000", "price": "0.19910000", "time": "2025-07-14T18:08:10.002890Z", "fetched_at": "2025-07-14T18:10:49.755139+00:00", "symbol": "DOGE-USD"}, {"trade_id": 139007646, "side": "buy", "size": "60459.60000000", "price": "0.19910000", "time": "2025-07-14T18:08:10.002890Z", "fetched_at": "2025-07-14T18:10:49.755139+00:00", "symbol": "DOGE-USD"}, {"trade_id": 139007645, "side": "buy", "size": "1457.40000000", "price": "0.19911000", "time": "2025-07-14T18:08:10.002890Z", "fetched_at": "2025-07-14T18:10:49.755139+00:00", "symbol": "DOGE-USD"}, {"trade_id": 139007644, "side": "buy", "size": "2040.40000000", "price": "0.19910000", "time": "2025-07-14T18:08:07.282882Z", "fetched_at": "2025-07-14T18:10:49.755139+00:00", "symbol": "DOGE-USD"}, {"trade_id": 139007643, "side": "buy", "size": "969.80000000", "price": "0.19912000", "time": "2025-07-14T18:08:07.282882Z", "fetched_at": "2025-07-14T18:10:49.755139+00:00", "symbol": "DOGE-USD"}, {"trade_id": 139007642, "side": "buy", "size": "5.60000000", "price": "0.19912000", "time": "2025-07-14T18:08:07.282882Z", "fetched_at": "2025-07-14T18:10:49.755139+00:00", "symbol": "DOGE-USD"}, {"trade_id": 139007641, "side": "buy", "size": "5.60000000", "price": "0.19914000", "time": "2025-07-14T18:08:07.282882Z", "fetched_at": "2025-07-14T18:10:49.755139+00:00", "symbol": "DOGE-USD"}, {"trade_id": 139007640, "side": "sell", "size": "109.50000000", "price": "0.19915000", "time": "2025-07-14T18:08:06.501721Z", "fetched_at": "2025-07-14T18:10:49.755139+00:00", "symbol": "DOGE-USD"}, {"trade_id": 139007639, "side": "buy", "size": "5.60000000", "price": "0.19916000", "time": "2025-07-14T18:08:06.101605Z", "fetched_at": "2025-07-14T18:10:49.755139+00:00", "symbol": "DOGE-USD"}, {"trade_id": 139007638, "side": "buy", "size": "5.60000000", "price": "0.19918000", "time": "2025-07-14T18:08:04.103321Z", "fetched_at": "2025-07-14T18:10:49.755139+00:00", "symbol": "DOGE-USD"}, {"trade_id": 139007637, "side": "buy", "size": "5.60000000", "price": "0.19920000", "time": "2025-07-14T18:08:03.404314Z", "fetched_at": "2025-07-14T18:10:49.755139+00:00", "symbol": "DOGE-USD"}, {"trade_id": 139007636, "side": "buy", "size": "5.60000000", "price": "0.19922000", "time": "2025-07-14T18:08:03.212485Z", "fetched_at": "2025-07-14T18:10:49.755139+00:00", "symbol": "DOGE-USD"}, {"trade_id": 139007635, "side": "sell", "size": "383.30000000", "price": "0.19923000", "time": "2025-07-14T18:07:56.021479Z", "fetched_at": "2025-07-14T18:10:49.755139+00:00", "symbol": "DOGE-USD"}, {"trade_id": 139007634, "side": "buy", "size": "5.60000000", "price": "0.19924000", "time": "2025-07-14T18:07:53.323967Z", "fetched_at": "2025-07-14T18:10:49.755139+00:00", "symbol": "DOGE-USD"}, {"trade_id": 139007633, "side": "buy", "size": "5.60000000", "price": "0.19926000", "time": "2025-07-14T18:07:53.168188Z", "fetched_at": "2025-07-14T18:10:49.755139+00:00", "symbol": "DOGE-USD"}, {"trade_id": 139007632, "side": "buy", "size": "5.60000000", "price": "0.19928000", "time": "2025-07-14T18:07:52.210203Z", "fetched_at": "2025-07-14T18:10:49.755139+00:00", "symbol": "DOGE-USD"}, {"trade_id": 139007631, "side": "buy", "size": "5.60000000", "price": "0.19930000", "time": "2025-07-14T18:07:51.799036Z", "fetched_at": "2025-07-14T18:10:49.755139+00:00", "symbol": "DOGE-USD"}, {"trade_id": 139007630, "side": "buy", "size": "5.60000000", "price": "0.19932000", "time": "2025-07-14T18:07:50.819190Z", "fetched_at": "2025-07-14T18:10:49.755139+00:00", "symbol": "DOGE-USD"}, {"trade_id": 139007629, "side": "buy", "size": "5.60000000", "price": "0.19934000", "time": "2025-07-14T18:07:50.779646Z", "fetched_at": "2025-07-14T18:10:49.755139+00:00", "symbol": "DOGE-USD"}, {"trade_id": 139007628, "side": "sell", "size": "5.60000000", "price": "0.19936000", "time": "2025-07-14T18:07:31.372762Z", "fetched_at": "2025-07-14T18:10:49.755139+00:00", "symbol": "DOGE-USD"}, {"trade_id": 139007627, "side": "sell", "size": "17927.70000000", "price": "0.19935000", "time": "2025-07-14T18:07:31.139880Z", "fetched_at": "2025-07-14T18:10:49.755139+00:00", "symbol": "DOGE-USD"}, {"trade_id": 139007626, "side": "buy", "size": "8.90000000", "price": "0.19930000", "time": "2025-07-14T18:07:27.128254Z", "fetched_at": "2025-07-14T18:10:49.755139+00:00", "symbol": "DOGE-USD"}, {"trade_id": 139007625, "side": "buy", "size": "5.60000000", "price": "0.19930000", "time": "2025-07-14T18:07:27.128254Z", "fetched_at": "2025-07-14T18:10:49.755139+00:00", "symbol": "DOGE-USD"}, {"trade_id": 139007624, "side": "buy", "size": "69.50000000", "price": "0.19930000", "time": "2025-07-14T18:07:27.128254Z", "fetched_at": "2025-07-14T18:10:49.755139+00:00", "symbol": "DOGE-USD"}, {"trade_id": 139007623, "side": "buy", "size": "757.40000000", "price": "0.19931000", "time": "2025-07-14T18:07:26.279863Z", "fetched_at": "2025-07-14T18:10:49.755139+00:00", "symbol": "DOGE-USD"}, {"trade_id": 139007622, "side": "buy", "size": "3.40000000", "price": "0.19930000", "time": "2025-07-14T18:07:26.068740Z", "fetched_at": "2025-07-14T18:10:49.755139+00:00", "symbol": "DOGE-USD"}, {"trade_id": 139007621, "side": "buy", "size": "290.30000000", "price": "0.19931000", "time": "2025-07-14T18:07:25.256259Z", "fetched_at": "2025-07-14T18:10:49.755139+00:00", "symbol": "DOGE-USD"}, {"trade_id": 139007620, "side": "buy", "size": "5.60000000", "price": "0.19932000", "time": "2025-07-14T18:07:25.256259Z", "fetched_at": "2025-07-14T18:10:49.755139+00:00", "symbol": "DOGE-USD"}, {"trade_id": 139007619, "side": "buy", "size": "5.60000000", "price": "0.19934000", "time": "2025-07-14T18:07:25.256259Z", "fetched_at": "2025-07-14T18:10:49.755139+00:00", "symbol": "DOGE-USD"}, {"trade_id": 139007618, "side": "buy", "size": "26.90000000", "price": "0.19936000", "time": "2025-07-14T18:07:22.510328Z", "fetched_at": "2025-07-14T18:10:49.755139+00:00", "symbol": "DOGE-USD"}, {"trade_id": 139007617, "side": "buy", "size": "5.60000000", "price": "0.19936000", "time": "2025-07-14T18:07:22.510328Z", "fetched_at": "2025-07-14T18:10:49.755139+00:00", "symbol": "DOGE-USD"}, {"trade_id": 139007616, "side": "buy", "size": "1408.70000000", "price": "0.19939000", "time": "2025-07-14T18:07:20.128448Z", "fetched_at": "2025-07-14T18:10:49.755139+00:00", "symbol": "DOGE-USD"}, {"trade_id": 139007615, "side": "buy", "size": "401.20000000", "price": "0.19939000", "time": "2025-07-14T18:07:14.536791Z", "fetched_at": "2025-07-14T18:10:49.755139+00:00", "symbol": "DOGE-USD"}, {"trade_id": 139007614, "side": "buy", "size": "711.80000000", "price": "0.19938000", "time": "2025-07-14T18:07:12.631966Z", "fetched_at": "2025-07-14T18:10:49.755139+00:00", "symbol": "DOGE-USD"}, {"trade_id": 139007613, "side": "buy", "size": "5.10000000", "price": "0.19939000", "time": "2025-07-14T18:07:12.631966Z", "fetched_at": "2025-07-14T18:10:49.755139+00:00", "symbol": "DOGE-USD"}, {"trade_id": 139007612, "side": "buy", "size": "1520.10000000", "price": "0.19939000", "time": "2025-07-14T18:07:12.631966Z", "fetched_at": "2025-07-14T18:10:49.755139+00:00", "symbol": "DOGE-USD"}, {"trade_id": 139007611, "side": "buy", "size": "1464.60000000", "price": "0.19940000", "time": "2025-07-14T18:07:12.631966Z", "fetched_at": "2025-07-14T18:10:49.755139+00:00", "symbol": "DOGE-USD"}, {"trade_id": 139007610, "side": "buy", "size": "222.70000000", "price": "0.19941000", "time": "2025-07-14T18:07:12.376090Z", "fetched_at": "2025-07-14T18:10:49.755139+00:00", "symbol": "DOGE-USD"}, {"trade_id": 139007609, "side": "buy", "size": "93.90000000", "price": "0.19936000", "time": "2025-07-14T18:07:06.331254Z", "fetched_at": "2025-07-14T18:10:49.755139+00:00", "symbol": "DOGE-USD"}, {"trade_id": 139007608, "side": "buy", "size": "5.60000000", "price": "0.19936000", "time": "2025-07-14T18:07:06.331254Z", "fetched_at": "2025-07-14T18:10:49.755139+00:00", "symbol": "DOGE-USD"}, {"trade_id": 139007607, "side": "buy", "size": "6.30000000", "price": "0.19937000", "time": "2025-07-14T18:07:06.331254Z", "fetched_at": "2025-07-14T18:10:49.755139+00:00", "symbol": "DOGE-USD"}, {"trade_id": 139007606, "side": "buy", "size": "5.60000000", "price": "0.19938000", "time": "2025-07-14T18:07:06.331254Z", "fetched_at": "2025-07-14T18:10:49.755139+00:00", "symbol": "DOGE-USD"}, {"trade_id": 139007605, "side": "buy", "size": "5.60000000", "price": "0.19940000", "time": "2025-07-14T18:07:06.283787Z", "fetched_at": "2025-07-14T18:10:49.755139+00:00", "symbol": "DOGE-USD"}, {"trade_id": 139007604, "side": "buy", "size": "605.00000000", "price": "0.19944000", "time": "2025-07-14T18:07:00.745972Z", "fetched_at": "2025-07-14T18:10:49.755139+00:00", "symbol": "DOGE-USD"}, {"trade_id": 139007603, "side": "buy", "size": "575.40000000", "price": "0.19944000", "time": "2025-07-14T18:07:00.745972Z", "fetched_at": "2025-07-14T18:10:49.755139+00:00", "symbol": "DOGE-USD"}, {"trade_id": 139007602, "side": "buy", "size": "8.90000000", "price": "0.19945000", "time": "2025-07-14T18:07:00.745972Z", "fetched_at": "2025-07-14T18:10:49.755139+00:00", "symbol": "DOGE-USD"}, {"trade_id": 139007601, "side": "buy", "size": "6.30000000", "price": "0.19945000", "time": "2025-07-14T18:06:57.036137Z", "fetched_at": "2025-07-14T18:10:49.755139+00:00", "symbol": "DOGE-USD"}, {"trade_id": 139007600, "side": "sell", "size": "5.60000000", "price": "0.19944000", "time": "2025-07-14T18:06:56.960481Z", "fetched_at": "2025-07-14T18:10:49.755139+00:00", "symbol": "DOGE-USD"}, {"trade_id": 139007599, "side": "sell", "size": "5.60000000", "price": "0.19942000", "time": "2025-07-14T18:06:55.541396Z", "fetched_at": "2025-07-14T18:10:49.755139+00:00", "symbol": "DOGE-USD"}, {"trade_id": 139007598, "side": "buy", "size": "394.60000000", "price": "0.19941000", "time": "2025-07-14T18:06:54.791279Z", "fetched_at": "2025-07-14T18:10:49.755139+00:00", "symbol": "DOGE-USD"}, {"trade_id": 139007597, "side": "sell", "size": "5.60000000", "price": "0.19940000", "time": "2025-07-14T18:06:53.732397Z", "fetched_at": "2025-07-14T18:10:49.755139+00:00", "symbol": "DOGE-USD"}, {"trade_id": 139007596, "side": "sell", "size": "5.60000000", "price": "0.19938000", "time": "2025-07-14T18:06:53.218513Z", "fetched_at": "2025-07-14T18:10:49.755139+00:00", "symbol": "DOGE-USD"}, {"trade_id": 139007595, "side": "sell", "size": "5.60000000", "price": "0.19936000", "time": "2025-07-14T18:06:52.959309Z", "fetched_at": "2025-07-14T18:10:49.755139+00:00", "symbol": "DOGE-USD"}, {"trade_id": 139007594, "side": "sell", "size": "5.60000000", "price": "0.19934000", "time": "2025-07-14T18:06:51.364927Z", "fetched_at": "2025-07-14T18:10:49.755139+00:00", "symbol": "DOGE-USD"}, {"trade_id": 139007593, "side": "sell", "size": "5.60000000", "price": "0.19932000", "time": "2025-07-14T18:06:50.950237Z", "fetched_at": "2025-07-14T18:10:49.755139+00:00", "symbol": "DOGE-USD"}, {"trade_id": 139007592, "side": "sell", "size": "9954.50000000", "price": "0.19931000", "time": "2025-07-14T18:06:50.940373Z", "fetched_at": "2025-07-14T18:10:49.755139+00:00", "symbol": "DOGE-USD"}, {"trade_id": 139007591, "side": "sell", "size": "45.50000000", "price": "0.19929000", "time": "2025-07-14T18:06:50.940373Z", "fetched_at": "2025-07-14T18:10:49.755139+00:00", "symbol": "DOGE-USD"}, {"trade_id": 139007590, "side": "sell", "size": "5000.00000000", "price": "0.19930000", "time": "2025-07-14T18:06:50.886860Z", "fetched_at": "2025-07-14T18:10:49.755139+00:00", "symbol": "DOGE-USD"}, {"trade_id": 139007589, "side": "sell", "size": "2500.00000000", "price": "0.19930000", "time": "2025-07-14T18:06:50.886860Z", "fetched_at": "2025-07-14T18:10:49.755139+00:00", "symbol": "DOGE-USD"}, {"trade_id": 139007588, "side": "sell", "size": "5.60000000", "price": "0.19930000", "time": "2025-07-14T18:06:50.886860Z", "fetched_at": "2025-07-14T18:10:49.755139+00:00", "symbol": "DOGE-USD"}, {"trade_id": 139007587, "side": "sell", "size": "45.50000000", "price": "0.19929000", "time": "2025-07-14T18:06:50.886860Z", "fetched_at": "2025-07-14T18:10:49.755139+00:00", "symbol": "DOGE-USD"}, {"trade_id": 139007586, "side": "sell", "size": "243.80000000", "price": "0.19928000", "time": "2025-07-14T18:06:50.886860Z", "fetched_at": "2025-07-14T18:10:49.755139+00:00", "symbol": "DOGE-USD"}, {"trade_id": 139007585, "side": "sell", "size": "5.60000000", "price": "0.19928000", "time": "2025-07-14T18:06:50.886860Z", "fetched_at": "2025-07-14T18:10:49.755139+00:00", "symbol": "DOGE-USD"}, {"trade_id": 139007584, "side": "sell", "size": "10000.00000000", "price": "0.19926000", "time": "2025-07-14T18:06:50.653441Z", "fetched_at": "2025-07-14T18:10:49.755139+00:00", "symbol": "DOGE-USD"}, {"trade_id": 139007583, "side": "sell", "size": "5.60000000", "price": "0.19926000", "time": "2025-07-14T18:06:50.653441Z", "fetched_at": "2025-07-14T18:10:49.755139+00:00", "symbol": "DOGE-USD"}, {"trade_id": 139007582, "side": "sell", "size": "45.50000000", "price": "0.19925000", "time": "2025-07-14T18:06:50.653441Z", "fetched_at": "2025-07-14T18:10:49.755139+00:00", "symbol": "DOGE-USD"}, {"trade_id": 139007581, "side": "sell", "size": "5.60000000", "price": "0.19924000", "time": "2025-07-14T18:06:50.653441Z", "fetched_at": "2025-07-14T18:10:49.755139+00:00", "symbol": "DOGE-USD"}, {"trade_id": 139007580, "side": "buy", "size": "25.40000000", "price": "0.19917000", "time": "2025-07-14T18:06:49.214051Z", "fetched_at": "2025-07-14T18:10:49.755139+00:00", "symbol": "DOGE-USD"}, {"trade_id": 139007579, "side": "buy", "size": "503.80000000", "price": "0.19917000", "time": "2025-07-14T18:06:46.809952Z", "fetched_at": "2025-07-14T18:10:49.755139+00:00", "symbol": "DOGE-USD"}, {"trade_id": 139007578, "side": "buy", "size": "3.30000000", "price": "0.19917000", "time": "2025-07-14T18:06:46.809952Z", "fetched_at": "2025-07-14T18:10:49.755139+00:00", "symbol": "DOGE-USD"}, {"trade_id": 139007577, "side": "sell", "size": "10.30000000", "price": "0.19922000", "time": "2025-07-14T18:06:41.980793Z", "fetched_at": "2025-07-14T18:10:49.755139+00:00", "symbol": "DOGE-USD"}, {"trade_id": 139007576, "side": "sell", "size": "123.20000000", "price": "0.19922000", "time": "2025-07-14T18:06:41.785170Z", "fetched_at": "2025-07-14T18:10:49.755139+00:00", "symbol": "DOGE-USD"}, {"trade_id": 139007575, "side": "buy", "size": "62.70000000", "price": "0.19923000", "time": "2025-07-14T18:06:39.582419Z", "fetched_at": "2025-07-14T18:10:49.755139+00:00", "symbol": "DOGE-USD"}, {"trade_id": 139007574, "side": "sell", "size": "361.60000000", "price": "0.19926000", "time": "2025-07-14T18:06:36.912743Z", "fetched_at": "2025-07-14T18:10:49.755139+00:00", "symbol": "DOGE-USD"}, {"trade_id": 139007573, "side": "sell", "size": "45.50000000", "price": "0.19925000", "time": "2025-07-14T18:06:36.912743Z", "fetched_at": "2025-07-14T18:10:49.755139+00:00", "symbol": "DOGE-USD"}, {"trade_id": 139007572, "side": "sell", "size": "2.40000000", "price": "0.19924000", "time": "2025-07-14T18:06:36.912743Z", "fetched_at": "2025-07-14T18:10:49.755139+00:00", "symbol": "DOGE-USD"}, {"trade_id": 139007571, "side": "sell", "size": "3.20000000", "price": "0.19924000", "time": "2025-07-14T18:06:35.624735Z", "fetched_at": "2025-07-14T18:10:49.755139+00:00", "symbol": "DOGE-USD"}, {"trade_id": 139007570, "side": "sell", "size": "5.60000000", "price": "0.19922000", "time": "2025-07-14T18:06:35.624735Z", "fetched_at": "2025-07-14T18:10:49.755139+00:00", "symbol": "DOGE-USD"}, {"trade_id": 139007569, "side": "sell", "size": "1.00000000", "price": "0.19920000", "time": "2025-07-14T18:06:32.324901Z", "fetched_at": "2025-07-14T18:10:49.755139+00:00", "symbol": "DOGE-USD"}, {"trade_id": 139007568, "side": "sell", "size": "476.10000000", "price": "0.19919000", "time": "2025-07-14T18:06:29.720282Z", "fetched_at": "2025-07-14T18:10:49.755139+00:00", "symbol": "DOGE-USD"}, {"trade_id": 139007567, "side": "buy", "size": "8.90000000", "price": "0.19921000", "time": "2025-07-14T18:06:28.374579Z", "fetched_at": "2025-07-14T18:10:49.755139+00:00", "symbol": "DOGE-USD"}, {"trade_id": 139007566, "side": "sell", "size": "9.90000000", "price": "0.19921000", "time": "2025-07-14T18:06:18.166890Z", "fetched_at": "2025-07-14T18:10:49.755139+00:00", "symbol": "DOGE-USD"}, {"trade_id": 139007565, "side": "buy", "size": "824.20000000", "price": "0.19920000", "time": "2025-07-14T18:06:17.878974Z", "fetched_at": "2025-07-14T18:10:49.755139+00:00", "symbol": "DOGE-USD"}, {"trade_id": 139007564, "side": "buy", "size": "1220.00000000", "price": "0.19917000", "time": "2025-07-14T18:06:09.777860Z", "fetched_at": "2025-07-14T18:10:49.755139+00:00", "symbol": "DOGE-USD"}, {"trade_id": 139007563, "side": "sell", "size": "476.10000000", "price": "0.19922000", "time": "2025-07-14T18:06:08.441666Z", "fetched_at": "2025-07-14T18:10:49.755139+00:00", "symbol": "DOGE-USD"}, {"trade_id": 139007562, "side": "buy", "size": "276.80000000", "price": "0.19921000", "time": "2025-07-14T18:06:07.955827Z", "fetched_at": "2025-07-14T18:10:49.755139+00:00", "symbol": "DOGE-USD"}, {"trade_id": 139007561, "side": "sell", "size": "81.00000000", "price": "0.19922000", "time": "2025-07-14T18:06:00.385285Z", "fetched_at": "2025-07-14T18:10:49.755139+00:00", "symbol": "DOGE-USD"}, {"trade_id": 139007560, "side": "buy", "size": "729.20000000", "price": "0.19921000", "time": "2025-07-14T18:05:59.680032Z", "fetched_at": "2025-07-14T18:10:49.755139+00:00", "symbol": "DOGE-USD"}, {"trade_id": 139007559, "side": "buy", "size": "72.90000000", "price": "0.19916000", "time": "2025-07-14T18:05:58.285194Z", "fetched_at": "2025-07-14T18:10:49.755139+00:00", "symbol": "DOGE-USD"}, {"trade_id": 139007558, "side": "buy", "size": "3.30000000", "price": "0.19917000", "time": "2025-07-14T18:05:58.285194Z", "fetched_at": "2025-07-14T18:10:49.755139+00:00", "symbol": "DOGE-USD"}, {"trade_id": 139007557, "side": "buy", "size": "1294.30000000", "price": "0.19917000", "time": "2025-07-14T18:05:58.285194Z", "fetched_at": "2025-07-14T18:10:49.755139+00:00", "symbol": "DOGE-USD"}, {"trade_id": 139007556, "side": "buy", "size": "969.80000000", "price": "0.19918000", "time": "2025-07-14T18:05:58.285194Z", "fetched_at": "2025-07-14T18:10:49.755139+00:00", "symbol": "DOGE-USD"}, {"trade_id": 139007555, "side": "buy", "size": "1378.90000000", "price": "0.19919000", "time": "2025-07-14T18:05:58.285194Z", "fetched_at": "2025-07-14T18:10:49.755139+00:00", "symbol": "DOGE-USD"}, {"trade_id": 139007554, "side": "buy", "size": "7.20000000", "price": "0.19920000", "time": "2025-07-14T18:05:58.285194Z", "fetched_at": "2025-07-14T18:10:49.755139+00:00", "symbol": "DOGE-USD"}, {"trade_id": 139007553, "side": "buy", "size": "387.30000000", "price": "0.19918000", "time": "2025-07-14T18:05:55.727034Z", "fetched_at": "2025-07-14T18:10:49.755139+00:00", "symbol": "DOGE-USD"}, {"trade_id": 139007552, "side": "buy", "size": "2500.00000000", "price": "0.19919000", "time": "2025-07-14T18:05:55.727034Z", "fetched_at": "2025-07-14T18:10:49.755139+00:00", "symbol": "DOGE-USD"}, {"trade_id": 139007551, "side": "buy", "size": "5.50000000", "price": "0.19920000", "time": "2025-07-14T18:05:55.727034Z", "fetched_at": "2025-07-14T18:10:49.755139+00:00", "symbol": "DOGE-USD"}, {"trade_id": 139007550, "side": "sell", "size": "30.00000000", "price": "0.19919000", "time": "2025-07-14T18:05:54.927193Z", "fetched_at": "2025-07-14T18:10:49.755139+00:00", "symbol": "DOGE-USD"}, {"trade_id": 139007549, "side": "sell", "size": "13125.60000000", "price": "0.19918000", "time": "2025-07-14T18:05:54.876365Z", "fetched_at": "2025-07-14T18:10:49.755139+00:00", "symbol": "DOGE-USD"}, {"trade_id": 139007548, "side": "sell", "size": "30.00000000", "price": "0.19917000", "time": "2025-07-14T18:05:54.870831Z", "fetched_at": "2025-07-14T18:10:49.755139+00:00", "symbol": "DOGE-USD"}, {"trade_id": 139007547, "side": "sell", "size": "3701.10000000", "price": "0.19917000", "time": "2025-07-14T18:05:54.870831Z", "fetched_at": "2025-07-14T18:10:49.755139+00:00", "symbol": "DOGE-USD"}, {"trade_id": 139007546, "side": "sell", "size": "175.70000000", "price": "0.19915000", "time": "2025-07-14T18:05:54.870831Z", "fetched_at": "2025-07-14T18:10:49.755139+00:00", "symbol": "DOGE-USD"}, {"trade_id": 139007545, "side": "buy", "size": "168.00000000", "price": "0.19911000", "time": "2025-07-14T18:05:52.552588Z", "fetched_at": "2025-07-14T18:10:49.755139+00:00", "symbol": "DOGE-USD"}, {"trade_id": 139007544, "side": "buy", "size": "1332.70000000", "price": "0.19911000", "time": "2025-07-14T18:05:52.552588Z", "fetched_at": "2025-07-14T18:10:49.755139+00:00", "symbol": "DOGE-USD"}, {"trade_id": 139007543, "side": "buy", "size": "106.90000000", "price": "0.19911000", "time": "2025-07-14T18:05:52.552588Z", "fetched_at": "2025-07-14T18:10:49.755139+00:00", "symbol": "DOGE-USD"}, {"trade_id": 139007542, "side": "buy", "size": "1459.80000000", "price": "0.19912000", "time": "2025-07-14T18:05:52.552588Z", "fetched_at": "2025-07-14T18:10:49.755139+00:00", "symbol": "DOGE-USD"}, {"trade_id": 139007541, "side": "buy", "size": "969.80000000", "price": "0.19912000", "time": "2025-07-14T18:05:52.552588Z", "fetched_at": "2025-07-14T18:10:49.755139+00:00", "symbol": "DOGE-USD"}, {"trade_id": 139007540, "side": "buy", "size": "5.60000000", "price": "0.19912000", "time": "2025-07-14T18:05:52.552588Z", "fetched_at": "2025-07-14T18:10:49.755139+00:00", "symbol": "DOGE-USD"}, {"trade_id": 139007539, "side": "buy", "size": "5.60000000", "price": "0.19914000", "time": "2025-07-14T18:05:52.552588Z", "fetched_at": "2025-07-14T18:10:49.755139+00:00", "symbol": "DOGE-USD"}, {"trade_id": 139007538, "side": "sell", "size": "4.90000000", "price": "0.19915000", "time": "2025-07-14T18:05:52.380253Z", "fetched_at": "2025-07-14T18:10:49.755139+00:00", "symbol": "DOGE-USD"}, {"trade_id": 139007537, "side": "buy", "size": "5.60000000", "price": "0.19916000", "time": "2025-07-14T18:05:47.983032Z", "fetched_at": "2025-07-14T18:10:49.755139+00:00", "symbol": "DOGE-USD"}, {"trade_id": 139007536, "side": "buy", "size": "969.80000000", "price": "0.19918000", "time": "2025-07-14T18:05:43.830534Z", "fetched_at": "2025-07-14T18:10:49.755139+00:00", "symbol": "DOGE-USD"}, {"trade_id": 139007535, "side": "buy", "size": "5.60000000", "price": "0.19918000", "time": "2025-07-14T18:05:43.830534Z", "fetched_at": "2025-07-14T18:10:49.755139+00:00", "symbol": "DOGE-USD"}, {"trade_id": 139007534, "side": "buy", "size": "6.40000000", "price": "0.19919000", "time": "2025-07-14T18:05:43.830534Z", "fetched_at": "2025-07-14T18:10:49.755139+00:00", "symbol": "DOGE-USD"}, {"trade_id": 139007533, "side": "buy", "size": "5.60000000", "price": "0.19920000", "time": "2025-07-14T18:05:43.830534Z", "fetched_at": "2025-07-14T18:10:49.755139+00:00", "symbol": "DOGE-USD"}, {"trade_id": 139007532, "side": "buy", "size": "178.20000000", "price": "0.19922000", "time": "2025-07-14T18:05:41.694049Z", "fetched_at": "2025-07-14T18:10:49.755139+00:00", "symbol": "DOGE-USD"}, {"trade_id": 139007531, "side": "buy", "size": "312.30000000", "price": "0.19922000", "time": "2025-07-14T18:05:41.694049Z", "fetched_at": "2025-07-14T18:10:49.755139+00:00", "symbol": "DOGE-USD"}, {"trade_id": 139007530, "side": "buy", "size": "5.60000000", "price": "0.19922000", "time": "2025-07-14T18:05:41.694049Z", "fetched_at": "2025-07-14T18:10:49.755139+00:00", "symbol": "DOGE-USD"}, {"trade_id": 139007529, "side": "buy", "size": "5.60000000", "price": "0.19924000", "time": "2025-07-14T18:05:39.967759Z", "fetched_at": "2025-07-14T18:10:49.755139+00:00", "symbol": "DOGE-USD"}, {"trade_id": 139007528, "side": "buy", "size": "1189.10000000", "price": "0.19925000", "time": "2025-07-14T18:05:39.960514Z", "fetched_at": "2025-07-14T18:10:49.755139+00:00", "symbol": "DOGE-USD"}, {"trade_id": 139007527, "side": "buy", "size": "21931.60000000", "price": "0.19925000", "time": "2025-07-14T18:05:39.936722Z", "fetched_at": "2025-07-14T18:10:49.755139+00:00", "symbol": "DOGE-USD"}, {"trade_id": 139007526, "side": "buy", "size": "13305.10000000", "price": "0.19925000", "time": "2025-07-14T18:05:39.935094Z", "fetched_at": "2025-07-14T18:10:49.755139+00:00", "symbol": "DOGE-USD"}, {"trade_id": 139007525, "side": "buy", "size": "6427.90000000", "price": "0.19925000", "time": "2025-07-14T18:05:39.934730Z", "fetched_at": "2025-07-14T18:10:49.755139+00:00", "symbol": "DOGE-USD"}, {"trade_id": 139007524, "side": "buy", "size": "19646.30000000", "price": "0.19925000", "time": "2025-07-14T18:05:39.934122Z", "fetched_at": "2025-07-14T18:10:49.755139+00:00", "symbol": "DOGE-USD"}, {"trade_id": 139007523, "side": "buy", "size": "6.90000000", "price": "0.19926000", "time": "2025-07-14T18:05:39.934122Z", "fetched_at": "2025-07-14T18:10:49.755139+00:00", "symbol": "DOGE-USD"}, {"trade_id": 139007522, "side": "buy", "size": "5.60000000", "price": "0.19926000", "time": "2025-07-14T18:05:39.934122Z", "fetched_at": "2025-07-14T18:10:49.755139+00:00", "symbol": "DOGE-USD"}, {"trade_id": 139007521, "side": "buy", "size": "6.90000000", "price": "0.19928000", "time": "2025-07-14T18:05:39.827810Z", "fetched_at": "2025-07-14T18:10:49.755139+00:00", "symbol": "DOGE-USD"}, {"trade_id": 139007520, "side": "buy", "size": "5.60000000", "price": "0.19928000", "time": "2025-07-14T18:05:39.827810Z", "fetched_at": "2025-07-14T18:10:49.755139+00:00", "symbol": "DOGE-USD"}, {"trade_id": 139007519, "side": "buy", "size": "8.90000000", "price": "0.19933000", "time": "2025-07-14T18:05:37.750848Z", "fetched_at": "2025-07-14T18:10:49.755139+00:00", "symbol": "DOGE-USD"}, {"trade_id": 139007518, "side": "buy", "size": "259.30000000", "price": "0.19934000", "time": "2025-07-14T18:05:35.952379Z", "fetched_at": "2025-07-14T18:10:49.755139+00:00", "symbol": "DOGE-USD"}, {"trade_id": 139007517, "side": "buy", "size": "4.90000000", "price": "0.19935000", "time": "2025-07-14T18:05:33.209104Z", "fetched_at": "2025-07-14T18:10:49.755139+00:00", "symbol": "DOGE-USD"}, {"trade_id": 139007516, "side": "buy", "size": "84.10000000", "price": "0.19934000", "time": "2025-07-14T18:05:28.960377Z", "fetched_at": "2025-07-14T18:10:49.755139+00:00", "symbol": "DOGE-USD"}, {"trade_id": 139007515, "side": "sell", "size": "237.90000000", "price": "0.19934000", "time": "2025-07-14T18:05:28.491376Z", "fetched_at": "2025-07-14T18:10:49.755139+00:00", "symbol": "DOGE-USD"}, {"trade_id": 139007514, "side": "sell", "size": "838.00000000", "price": "0.19937000", "time": "2025-07-14T18:05:25.259527Z", "fetched_at": "2025-07-14T18:10:49.755139+00:00", "symbol": "DOGE-USD"}, {"trade_id": 139007513, "side": "sell", "size": "137.10000000", "price": "0.19935000", "time": "2025-07-14T18:05:25.259527Z", "fetched_at": "2025-07-14T18:10:49.755139+00:00", "symbol": "DOGE-USD"}, {"trade_id": 139007512, "side": "buy", "size": "369.30000000", "price": "0.19930000", "time": "2025-07-14T18:05:19.055163Z", "fetched_at": "2025-07-14T18:10:49.755139+00:00", "symbol": "DOGE-USD"}, {"trade_id": 139007511, "side": "buy", "size": "5.60000000", "price": "0.19930000", "time": "2025-07-14T18:05:19.055163Z", "fetched_at": "2025-07-14T18:10:49.755139+00:00", "symbol": "DOGE-USD"}, {"trade_id": 139007510, "side": "buy", "size": "7.60000000", "price": "0.19931000", "time": "2025-07-14T18:05:19.055163Z", "fetched_at": "2025-07-14T18:10:49.755139+00:00", "symbol": "DOGE-USD"}, {"trade_id": 139007509, "side": "buy", "size": "5.60000000", "price": "0.19932000", "time": "2025-07-14T18:05:19.055163Z", "fetched_at": "2025-07-14T18:10:49.755139+00:00", "symbol": "DOGE-USD"}, {"trade_id": 139007508, "side": "sell", "size": "82.10000000", "price": "0.19937000", "time": "2025-07-14T18:05:17.211980Z", "fetched_at": "2025-07-14T18:10:49.755139+00:00", "symbol": "DOGE-USD"}, {"trade_id": 139007507, "side": "sell", "size": "15.40000000", "price": "0.19935000", "time": "2025-07-14T18:05:17.211980Z", "fetched_at": "2025-07-14T18:10:49.755139+00:00", "symbol": "DOGE-USD"}, {"trade_id": 139007506, "side": "sell", "size": "9.90000000", "price": "0.19935000", "time": "2025-07-14T18:05:17.203578Z", "fetched_at": "2025-07-14T18:10:49.755139+00:00", "symbol": "DOGE-USD"}, {"trade_id": 139007505, "side": "buy", "size": "5.60000000", "price": "0.19934000", "time": "2025-07-14T18:05:15.338244Z", "fetched_at": "2025-07-14T18:10:49.755139+00:00", "symbol": "DOGE-USD"}, {"trade_id": 139007504, "side": "sell", "size": "142.70000000", "price": "0.19937000", "time": "2025-07-14T18:05:14.145137Z", "fetched_at": "2025-07-14T18:10:49.755139+00:00", "symbol": "DOGE-USD"}, {"trade_id": 139007503, "side": "buy", "size": "17.50000000", "price": "0.19938000", "time": "2025-07-14T18:05:08.517197Z", "fetched_at": "2025-07-14T18:10:49.755139+00:00", "symbol": "DOGE-USD"}, {"trade_id": 139007502, "side": "buy", "size": "294.10000000", "price": "0.19934000", "time": "2025-07-14T18:05:03.477011Z", "fetched_at": "2025-07-14T18:10:49.755139+00:00", "symbol": "DOGE-USD"}, {"trade_id": 139007501, "side": "buy", "size": "9.00000000", "price": "0.19935000", "time": "2025-07-14T18:05:03.477011Z", "fetched_at": "2025-07-14T18:10:49.755139+00:00", "symbol": "DOGE-USD"}, {"trade_id": 139007500, "side": "buy", "size": "2289.80000000", "price": "0.19934000", "time": "2025-07-14T18:04:55.948191Z", "fetched_at": "2025-07-14T18:10:49.755139+00:00", "symbol": "DOGE-USD"}, {"trade_id": 139007499, "side": "buy", "size": "967.00000000", "price": "0.19934000", "time": "2025-07-14T18:04:55.948191Z", "fetched_at": "2025-07-14T18:10:49.755139+00:00", "symbol": "DOGE-USD"}, {"trade_id": 139007498, "side": "buy", "size": "5.60000000", "price": "0.19934000", "time": "2025-07-14T18:04:55.948191Z", "fetched_at": "2025-07-14T18:10:49.755139+00:00", "symbol": "DOGE-USD"}, {"trade_id": 139007497, "side": "buy", "size": "46.50000000", "price": "0.19935000", "time": "2025-07-14T18:04:55.948191Z", "fetched_at": "2025-07-14T18:10:49.755139+00:00", "symbol": "DOGE-USD"}, {"trade_id": 139007496, "side": "buy", "size": "700.00000000", "price": "0.19935000", "time": "2025-07-14T18:04:55.948191Z", "fetched_at": "2025-07-14T18:10:49.755139+00:00", "symbol": "DOGE-USD"}, {"trade_id": 139007495, "side": "buy", "size": "1366.90000000", "price": "0.19935000", "time": "2025-07-14T18:04:55.948191Z", "fetched_at": "2025-07-14T18:10:49.755139+00:00", "symbol": "DOGE-USD"}, {"trade_id": 139007494, "side": "buy", "size": "8.60000000", "price": "0.19936000", "time": "2025-07-14T18:04:55.948191Z", "fetched_at": "2025-07-14T18:10:49.755139+00:00", "symbol": "DOGE-USD"}, {"trade_id": 139007493, "side": "buy", "size": "65.20000000", "price": "0.19936000", "time": "2025-07-14T18:04:55.948191Z", "fetched_at": "2025-07-14T18:10:49.755139+00:00", "symbol": "DOGE-USD"}, {"trade_id": 139007492, "side": "buy", "size": "5.60000000", "price": "0.19936000", "time": "2025-07-14T18:04:55.948191Z", "fetched_at": "2025-07-14T18:10:49.755139+00:00", "symbol": "DOGE-USD"}, {"trade_id": 139007491, "side": "buy", "size": "5.60000000", "price": "0.19938000", "time": "2025-07-14T18:04:55.228778Z", "fetched_at": "2025-07-14T18:10:49.755139+00:00", "symbol": "DOGE-USD"}, {"trade_id": 139007490, "side": "buy", "size": "600.30000000", "price": "0.19939000", "time": "2025-07-14T18:04:54.415159Z", "fetched_at": "2025-07-14T18:10:49.755139+00:00", "symbol": "DOGE-USD"}, {"trade_id": 139007489, "side": "buy", "size": "9.10000000", "price": "0.19940000", "time": "2025-07-14T18:04:54.415159Z", "fetched_at": "2025-07-14T18:10:49.755139+00:00", "symbol": "DOGE-USD"}, {"trade_id": 139007488, "side": "buy", "size": "5.60000000", "price": "0.19940000", "time": "2025-07-14T18:04:54.415159Z", "fetched_at": "2025-07-14T18:10:49.755139+00:00", "symbol": "DOGE-USD"}, {"trade_id": 139007487, "side": "buy", "size": "5.60000000", "price": "0.19942000", "time": "2025-07-14T18:04:54.415159Z", "fetched_at": "2025-07-14T18:10:49.755139+00:00", "symbol": "DOGE-USD"}, {"trade_id": 139007486, "side": "buy", "size": "5.60000000", "price": "0.19944000", "time": "2025-07-14T18:04:53.887819Z", "fetched_at": "2025-07-14T18:10:49.755139+00:00", "symbol": "DOGE-USD"}, {"trade_id": 139007485, "side": "buy", "size": "100.00000000", "price": "0.19949000", "time": "2025-07-14T18:04:48.795921Z", "fetched_at": "2025-07-14T18:10:49.755139+00:00", "symbol": "DOGE-USD"}, {"trade_id": 139007484, "side": "buy", "size": "136.50000000", "price": "0.19948000", "time": "2025-07-14T18:04:46.996607Z", "fetched_at": "2025-07-14T18:10:49.755139+00:00", "symbol": "DOGE-USD"}, {"trade_id": 139007483, "side": "buy", "size": "9.00000000", "price": "0.19949000", "time": "2025-07-14T18:04:46.996607Z", "fetched_at": "2025-07-14T18:10:49.755139+00:00", "symbol": "DOGE-USD"}, {"trade_id": 139007482, "side": "buy", "size": "6.40000000", "price": "0.19950000", "time": "2025-07-14T18:04:46.996607Z", "fetched_at": "2025-07-14T18:10:49.755139+00:00", "symbol": "DOGE-USD"}, {"trade_id": 139007481, "side": "sell", "size": "5.60000000", "price": "0.19952000", "time": "2025-07-14T18:04:43.025638Z", "fetched_at": "2025-07-14T18:10:49.755139+00:00", "symbol": "DOGE-USD"}, {"trade_id": 139007480, "side": "buy", "size": "31.00000000", "price": "0.19951000", "time": "2025-07-14T18:04:41.475616Z", "fetched_at": "2025-07-14T18:10:49.755139+00:00", "symbol": "DOGE-USD"}, {"trade_id": 139007479, "side": "buy", "size": "5.60000000", "price": "0.19946000", "time": "2025-07-14T18:04:39.349341Z", "fetched_at": "2025-07-14T18:10:49.755139+00:00", "symbol": "DOGE-USD"}, {"trade_id": 139007478, "side": "buy", "size": "5.60000000", "price": "0.19948000", "time": "2025-07-14T18:04:39.292228Z", "fetched_at": "2025-07-14T18:10:49.755139+00:00", "symbol": "DOGE-USD"}, {"trade_id": 139007477, "side": "sell", "size": "23.80000000", "price": "0.19951000", "time": "2025-07-14T18:04:34.495829Z", "fetched_at": "2025-07-14T18:10:49.755139+00:00", "symbol": "DOGE-USD"}, {"trade_id": 139007476, "side": "sell", "size": "95.10000000", "price": "0.19952000", "time": "2025-07-14T18:04:26.862695Z", "fetched_at": "2025-07-14T18:10:49.755139+00:00", "symbol": "DOGE-USD"}, {"trade_id": 139007475, "side": "buy", "size": "41617.20000000", "price": "0.19958000", "time": "2025-07-14T18:04:25.671359Z", "fetched_at": "2025-07-14T18:10:49.755139+00:00", "symbol": "DOGE-USD"}, {"trade_id": 139007474, "side": "sell", "size": "5600.00000000", "price": "0.19958000", "time": "2025-07-14T18:04:25.666853Z", "fetched_at": "2025-07-14T18:10:49.755139+00:00", "symbol": "DOGE-USD"}, {"trade_id": 139007473, "side": "sell", "size": "5.60000000", "price": "0.19958000", "time": "2025-07-14T18:04:25.666853Z", "fetched_at": "2025-07-14T18:10:49.755139+00:00", "symbol": "DOGE-USD"}, {"trade_id": 139007472, "side": "sell", "size": "1991.80000000", "price": "0.19957000", "time": "2025-07-14T18:04:25.666853Z", "fetched_at": "2025-07-14T18:10:49.755139+00:00", "symbol": "DOGE-USD"}, {"trade_id": 139007471, "side": "sell", "size": "17863.10000000", "price": "0.19957000", "time": "2025-07-14T18:04:25.666853Z", "fetched_at": "2025-07-14T18:10:49.755139+00:00", "symbol": "DOGE-USD"}, {"trade_id": 139007470, "side": "sell", "size": "5600.00000000", "price": "0.19957000", "time": "2025-07-14T18:04:25.666853Z", "fetched_at": "2025-07-14T18:10:49.755139+00:00", "symbol": "DOGE-USD"}, {"trade_id": 139007469, "side": "sell", "size": "1325.10000000", "price": "0.19956000", "time": "2025-07-14T18:04:25.666853Z", "fetched_at": "2025-07-14T18:10:49.755139+00:00", "symbol": "DOGE-USD"}, {"trade_id": 139007468, "side": "sell", "size": "5000.00000000", "price": "0.19956000", "time": "2025-07-14T18:04:25.666853Z", "fetched_at": "2025-07-14T18:10:49.755139+00:00", "symbol": "DOGE-USD"}, {"trade_id": 139007467, "side": "sell", "size": "10000.00000000", "price": "0.19956000", "time": "2025-07-14T18:04:25.666853Z", "fetched_at": "2025-07-14T18:10:49.755139+00:00", "symbol": "DOGE-USD"}, {"trade_id": 139007466, "side": "sell", "size": "20000.00000000", "price": "0.19956000", "time": "2025-07-14T18:04:25.666853Z", "fetched_at": "2025-07-14T18:10:49.755139+00:00", "symbol": "DOGE-USD"}, {"trade_id": 139007465, "side": "sell", "size": "5.60000000", "price": "0.19956000", "time": "2025-07-14T18:04:25.666853Z", "fetched_at": "2025-07-14T18:10:49.755139+00:00", "symbol": "DOGE-USD"}, {"trade_id": 139007464, "side": "sell", "size": "5600.00000000", "price": "0.19956000", "time": "2025-07-14T18:04:25.666853Z", "fetched_at": "2025-07-14T18:10:49.755139+00:00", "symbol": "DOGE-USD"}, {"trade_id": 139007463, "side": "sell", "size": "810.00000000", "price": "0.19956000", "time": "2025-07-14T18:04:25.666853Z", "fetched_at": "2025-07-14T18:10:49.755139+00:00", "symbol": "DOGE-USD"}, {"trade_id": 139007462, "side": "sell", "size": "5600.00000000", "price": "0.19955000", "time": "2025-07-14T18:04:25.666853Z", "fetched_at": "2025-07-14T18:10:49.755139+00:00", "symbol": "DOGE-USD"}, {"trade_id": 139007461, "side": "sell", "size": "5600.00000000", "price": "0.19954000", "time": "2025-07-14T18:04:25.666853Z", "fetched_at": "2025-07-14T18:10:49.755139+00:00", "symbol": "DOGE-USD"}, {"trade_id": 139007460, "side": "sell", "size": "1303.60000000", "price": "0.19954000", "time": "2025-07-14T18:04:25.666853Z", "fetched_at": "2025-07-14T18:10:49.755139+00:00", "symbol": "DOGE-USD"}, {"trade_id": 139007459, "side": "sell", "size": "5599.20000000", "price": "0.19953000", "time": "2025-07-14T18:04:25.666853Z", "fetched_at": "2025-07-14T18:10:49.755139+00:00", "symbol": "DOGE-USD"}, {"trade_id": 139007458, "side": "sell", "size": "933.80000000", "price": "0.19953000", "time": "2025-07-14T18:04:25.666853Z", "fetched_at": "2025-07-14T18:10:49.755139+00:00", "symbol": "DOGE-USD"}, {"trade_id": 139007457, "side": "sell", "size": "44.60000000", "price": "0.19952000", "time": "2025-07-14T18:04:25.666853Z", "fetched_at": "2025-07-14T18:10:49.755139+00:00", "symbol": "DOGE-USD"}, {"trade_id": 139007456, "side": "sell", "size": "1531.40000000", "price": "0.19951000", "time": "2025-07-14T18:04:25.666853Z", "fetched_at": "2025-07-14T18:10:49.755139+00:00", "symbol": "DOGE-USD"}, {"trade_id": 139007455, "side": "sell", "size": "700.00000000", "price": "0.19950000", "time": "2025-07-14T18:04:25.666853Z", "fetched_at": "2025-07-14T18:10:49.755139+00:00", "symbol": "DOGE-USD"}, {"trade_id": 139007454, "side": "sell", "size": "183.00000000", "price": "0.19949000", "time": "2025-07-14T18:04:25.666853Z", "fetched_at": "2025-07-14T18:10:49.755139+00:00", "symbol": "DOGE-USD"}