[{"trade_id": 138976012, "side": "sell", "size": "115.30000000", "price": "0.20552000", "time": "2025-07-14T14:23:25.541722Z", "fetched_at": "2025-07-14T14:23:29.217334+00:00", "symbol": "DOGE-USD"}, {"trade_id": 138976011, "side": "buy", "size": "8.60000000", "price": "0.20549000", "time": "2025-07-14T14:23:23.142340Z", "fetched_at": "2025-07-14T14:23:29.217334+00:00", "symbol": "DOGE-USD"}, {"trade_id": 138976010, "side": "buy", "size": "5.40000000", "price": "0.20550000", "time": "2025-07-14T14:23:23.111281Z", "fetched_at": "2025-07-14T14:23:29.217334+00:00", "symbol": "DOGE-USD"}, {"trade_id": 138976009, "side": "buy", "size": "5.40000000", "price": "0.20552000", "time": "2025-07-14T14:23:23.072044Z", "fetched_at": "2025-07-14T14:23:29.217334+00:00", "symbol": "DOGE-USD"}, {"trade_id": 138976008, "side": "buy", "size": "5.40000000", "price": "0.20554000", "time": "2025-07-14T14:23:22.901295Z", "fetched_at": "2025-07-14T14:23:29.217334+00:00", "symbol": "DOGE-USD"}, {"trade_id": 138976007, "side": "buy", "size": "5.40000000", "price": "0.20556000", "time": "2025-07-14T14:23:22.249979Z", "fetched_at": "2025-07-14T14:23:29.217334+00:00", "symbol": "DOGE-USD"}, {"trade_id": 138976006, "side": "buy", "size": "5.40000000", "price": "0.20558000", "time": "2025-07-14T14:23:20.412396Z", "fetched_at": "2025-07-14T14:23:29.217334+00:00", "symbol": "DOGE-USD"}, {"trade_id": 138976005, "side": "sell", "size": "5.40000000", "price": "0.20564000", "time": "2025-07-14T14:23:10.661386Z", "fetched_at": "2025-07-14T14:23:29.217334+00:00", "symbol": "DOGE-USD"}, {"trade_id": 138976004, "side": "sell", "size": "5.40000000", "price": "0.20562000", "time": "2025-07-14T14:23:10.592716Z", "fetched_at": "2025-07-14T14:23:29.217334+00:00", "symbol": "DOGE-USD"}, {"trade_id": 138976003, "side": "sell", "size": "5.40000000", "price": "0.20560000", "time": "2025-07-14T14:23:09.688232Z", "fetched_at": "2025-07-14T14:23:29.217334+00:00", "symbol": "DOGE-USD"}, {"trade_id": 138976002, "side": "sell", "size": "1422.80000000", "price": "0.20559000", "time": "2025-07-14T14:23:09.230242Z", "fetched_at": "2025-07-14T14:23:29.217334+00:00", "symbol": "DOGE-USD"}, {"trade_id": 138976001, "side": "sell", "size": "4612.30000000", "price": "0.20559000", "time": "2025-07-14T14:23:09.230242Z", "fetched_at": "2025-07-14T14:23:29.217334+00:00", "symbol": "DOGE-USD"}, {"trade_id": 138976000, "side": "sell", "size": "1617.90000000", "price": "0.20558000", "time": "2025-07-14T14:23:09.230242Z", "fetched_at": "2025-07-14T14:23:29.217334+00:00", "symbol": "DOGE-USD"}, {"trade_id": 138975999, "side": "sell", "size": "5.40000000", "price": "0.20556000", "time": "2025-07-14T14:23:09.230242Z", "fetched_at": "2025-07-14T14:23:29.217334+00:00", "symbol": "DOGE-USD"}, {"trade_id": 138975998, "side": "sell", "size": "5.40000000", "price": "0.20554000", "time": "2025-07-14T14:23:09.230242Z", "fetched_at": "2025-07-14T14:23:29.217334+00:00", "symbol": "DOGE-USD"}, {"trade_id": 138975997, "side": "sell", "size": "1304.10000000", "price": "0.20551000", "time": "2025-07-14T14:23:08.099406Z", "fetched_at": "2025-07-14T14:23:29.217334+00:00", "symbol": "DOGE-USD"}, {"trade_id": 138975996, "side": "sell", "size": "1313.70000000", "price": "0.20550000", "time": "2025-07-14T14:23:08.099406Z", "fetched_at": "2025-07-14T14:23:29.217334+00:00", "symbol": "DOGE-USD"}, {"trade_id": 138975995, "side": "sell", "size": "1470.20000000", "price": "0.20550000", "time": "2025-07-14T14:23:08.099406Z", "fetched_at": "2025-07-14T14:23:29.217334+00:00", "symbol": "DOGE-USD"}, {"trade_id": 138975994, "side": "sell", "size": "17847.20000000", "price": "0.20553000", "time": "2025-07-14T14:23:03.726190Z", "fetched_at": "2025-07-14T14:23:29.217334+00:00", "symbol": "DOGE-USD"}, {"trade_id": 138975993, "side": "buy", "size": "5.40000000", "price": "0.20546000", "time": "2025-07-14T14:23:03.113638Z", "fetched_at": "2025-07-14T14:23:29.217334+00:00", "symbol": "DOGE-USD"}, {"trade_id": 138975992, "side": "buy", "size": "5.40000000", "price": "0.20548000", "time": "2025-07-14T14:23:02.876563Z", "fetched_at": "2025-07-14T14:23:29.217334+00:00", "symbol": "DOGE-USD"}, {"trade_id": 138975991, "side": "buy", "size": "5.40000000", "price": "0.20549000", "time": "2025-07-14T14:23:02.861157Z", "fetched_at": "2025-07-14T14:23:29.217334+00:00", "symbol": "DOGE-USD"}, {"trade_id": 138975990, "side": "sell", "size": "785.10000000", "price": "0.20551000", "time": "2025-07-14T14:23:02.802938Z", "fetched_at": "2025-07-14T14:23:29.217334+00:00", "symbol": "DOGE-USD"}, {"trade_id": 138975989, "side": "sell", "size": "1522.40000000", "price": "0.20550000", "time": "2025-07-14T14:23:02.802938Z", "fetched_at": "2025-07-14T14:23:29.217334+00:00", "symbol": "DOGE-USD"}, {"trade_id": 138975988, "side": "sell", "size": "183.00000000", "price": "0.20550000", "time": "2025-07-14T14:23:02.802938Z", "fetched_at": "2025-07-14T14:23:29.217334+00:00", "symbol": "DOGE-USD"}, {"trade_id": 138975987, "side": "sell", "size": "810.00000000", "price": "0.20550000", "time": "2025-07-14T14:23:02.802938Z", "fetched_at": "2025-07-14T14:23:29.217334+00:00", "symbol": "DOGE-USD"}, {"trade_id": 138975986, "side": "sell", "size": "1513.10000000", "price": "0.20550000", "time": "2025-07-14T14:23:02.802938Z", "fetched_at": "2025-07-14T14:23:29.217334+00:00", "symbol": "DOGE-USD"}, {"trade_id": 138975985, "side": "buy", "size": "357.80000000", "price": "0.20549000", "time": "2025-07-14T14:23:02.397876Z", "fetched_at": "2025-07-14T14:23:29.217334+00:00", "symbol": "DOGE-USD"}, {"trade_id": 138975984, "side": "buy", "size": "5.40000000", "price": "0.20550000", "time": "2025-07-14T14:23:02.397876Z", "fetched_at": "2025-07-14T14:23:29.217334+00:00", "symbol": "DOGE-USD"}, {"trade_id": 138975983, "side": "buy", "size": "5.40000000", "price": "0.20552000", "time": "2025-07-14T14:23:01.366618Z", "fetched_at": "2025-07-14T14:23:29.217334+00:00", "symbol": "DOGE-USD"}, {"trade_id": 138975982, "side": "buy", "size": "5.40000000", "price": "0.20554000", "time": "2025-07-14T14:23:01.147444Z", "fetched_at": "2025-07-14T14:23:29.217334+00:00", "symbol": "DOGE-USD"}, {"trade_id": 138975981, "side": "buy", "size": "6903.80000000", "price": "0.20555000", "time": "2025-07-14T14:23:01.135974Z", "fetched_at": "2025-07-14T14:23:29.217334+00:00", "symbol": "DOGE-USD"}, {"trade_id": 138975980, "side": "buy", "size": "5.40000000", "price": "0.20556000", "time": "2025-07-14T14:23:01.135974Z", "fetched_at": "2025-07-14T14:23:29.217334+00:00", "symbol": "DOGE-USD"}, {"trade_id": 138975979, "side": "buy", "size": "5.40000000", "price": "0.20558000", "time": "2025-07-14T14:23:01.135974Z", "fetched_at": "2025-07-14T14:23:29.217334+00:00", "symbol": "DOGE-USD"}, {"trade_id": 138975978, "side": "buy", "size": "1324.00000000", "price": "0.20558000", "time": "2025-07-14T14:23:01.135974Z", "fetched_at": "2025-07-14T14:23:29.217334+00:00", "symbol": "DOGE-USD"}, {"trade_id": 138975977, "side": "buy", "size": "5.40000000", "price": "0.20560000", "time": "2025-07-14T14:23:00.656589Z", "fetched_at": "2025-07-14T14:23:29.217334+00:00", "symbol": "DOGE-USD"}, {"trade_id": 138975976, "side": "buy", "size": "8.60000000", "price": "0.20562000", "time": "2025-07-14T14:23:00.622080Z", "fetched_at": "2025-07-14T14:23:29.217334+00:00", "symbol": "DOGE-USD"}, {"trade_id": 138975975, "side": "buy", "size": "5.40000000", "price": "0.20562000", "time": "2025-07-14T14:23:00.622080Z", "fetched_at": "2025-07-14T14:23:29.217334+00:00", "symbol": "DOGE-USD"}, {"trade_id": 138975974, "side": "buy", "size": "8.70000000", "price": "0.20563000", "time": "2025-07-14T14:22:57.477719Z", "fetched_at": "2025-07-14T14:23:29.217334+00:00", "symbol": "DOGE-USD"}, {"trade_id": 138975973, "side": "sell", "size": "425.00000000", "price": "0.20568000", "time": "2025-07-14T14:22:55.626381Z", "fetched_at": "2025-07-14T14:23:29.217334+00:00", "symbol": "DOGE-USD"}, {"trade_id": 138975972, "side": "buy", "size": "490.90000000", "price": "0.20567000", "time": "2025-07-14T14:22:54.295539Z", "fetched_at": "2025-07-14T14:23:29.217334+00:00", "symbol": "DOGE-USD"}, {"trade_id": 138975971, "side": "buy", "size": "5.40000000", "price": "0.20564000", "time": "2025-07-14T14:22:51.807649Z", "fetched_at": "2025-07-14T14:23:29.217334+00:00", "symbol": "DOGE-USD"}, {"trade_id": 138975970, "side": "buy", "size": "5.40000000", "price": "0.20566000", "time": "2025-07-14T14:22:51.495582Z", "fetched_at": "2025-07-14T14:23:29.217334+00:00", "symbol": "DOGE-USD"}, {"trade_id": 138975969, "side": "buy", "size": "5.40000000", "price": "0.20568000", "time": "2025-07-14T14:22:51.155147Z", "fetched_at": "2025-07-14T14:23:29.217334+00:00", "symbol": "DOGE-USD"}, {"trade_id": 138975968, "side": "buy", "size": "5.40000000", "price": "0.20570000", "time": "2025-07-14T14:22:51.079524Z", "fetched_at": "2025-07-14T14:23:29.217334+00:00", "symbol": "DOGE-USD"}, {"trade_id": 138975967, "side": "buy", "size": "5.40000000", "price": "0.20572000", "time": "2025-07-14T14:22:50.575416Z", "fetched_at": "2025-07-14T14:23:29.217334+00:00", "symbol": "DOGE-USD"}, {"trade_id": 138975966, "side": "sell", "size": "275.50000000", "price": "0.20573000", "time": "2025-07-14T14:22:49.522279Z", "fetched_at": "2025-07-14T14:23:29.217334+00:00", "symbol": "DOGE-USD"}, {"trade_id": 138975965, "side": "buy", "size": "1441.00000000", "price": "0.20574000", "time": "2025-07-14T14:22:43.809286Z", "fetched_at": "2025-07-14T14:23:29.217334+00:00", "symbol": "DOGE-USD"}, {"trade_id": 138975964, "side": "sell", "size": "5.40000000", "price": "0.20580000", "time": "2025-07-14T14:22:42.149359Z", "fetched_at": "2025-07-14T14:23:29.217334+00:00", "symbol": "DOGE-USD"}, {"trade_id": 138975963, "side": "sell", "size": "1309.60000000", "price": "0.20579000", "time": "2025-07-14T14:22:42.067098Z", "fetched_at": "2025-07-14T14:23:29.217334+00:00", "symbol": "DOGE-USD"}, {"trade_id": 138975962, "side": "sell", "size": "5.40000000", "price": "0.20578000", "time": "2025-07-14T14:22:42.035460Z", "fetched_at": "2025-07-14T14:23:29.217334+00:00", "symbol": "DOGE-USD"}, {"trade_id": 138975961, "side": "sell", "size": "5.40000000", "price": "0.20576000", "time": "2025-07-14T14:22:42.026742Z", "fetched_at": "2025-07-14T14:23:29.217334+00:00", "symbol": "DOGE-USD"}, {"trade_id": 138975960, "side": "sell", "size": "275.50000000", "price": "0.20574000", "time": "2025-07-14T14:22:41.917817Z", "fetched_at": "2025-07-14T14:23:29.217334+00:00", "symbol": "DOGE-USD"}, {"trade_id": 138975959, "side": "sell", "size": "275.50000000", "price": "0.20574000", "time": "2025-07-14T14:22:41.899186Z", "fetched_at": "2025-07-14T14:23:29.217334+00:00", "symbol": "DOGE-USD"}, {"trade_id": 138975958, "side": "sell", "size": "275.50000000", "price": "0.20574000", "time": "2025-07-14T14:22:41.836399Z", "fetched_at": "2025-07-14T14:23:29.217334+00:00", "symbol": "DOGE-USD"}, {"trade_id": 138975957, "side": "sell", "size": "1603.60000000", "price": "0.20574000", "time": "2025-07-14T14:22:41.671126Z", "fetched_at": "2025-07-14T14:23:29.217334+00:00", "symbol": "DOGE-USD"}, {"trade_id": 138975956, "side": "sell", "size": "1387.50000000", "price": "0.20573000", "time": "2025-07-14T14:22:41.659763Z", "fetched_at": "2025-07-14T14:23:29.217334+00:00", "symbol": "DOGE-USD"}, {"trade_id": 138975955, "side": "sell", "size": "275.50000000", "price": "0.20571000", "time": "2025-07-14T14:22:41.337857Z", "fetched_at": "2025-07-14T14:23:29.217334+00:00", "symbol": "DOGE-USD"}, {"trade_id": 138975954, "side": "sell", "size": "1421.30000000", "price": "0.20572000", "time": "2025-07-14T14:22:40.945316Z", "fetched_at": "2025-07-14T14:23:29.217334+00:00", "symbol": "DOGE-USD"}, {"trade_id": 138975953, "side": "sell", "size": "1535.80000000", "price": "0.20572000", "time": "2025-07-14T14:22:40.422304Z", "fetched_at": "2025-07-14T14:23:29.217334+00:00", "symbol": "DOGE-USD"}, {"trade_id": 138975952, "side": "sell", "size": "1408.90000000", "price": "0.20573000", "time": "2025-07-14T14:22:40.255445Z", "fetched_at": "2025-07-14T14:23:29.217334+00:00", "symbol": "DOGE-USD"}, {"trade_id": 138975951, "side": "sell", "size": "1387.20000000", "price": "0.20573000", "time": "2025-07-14T14:22:40.255445Z", "fetched_at": "2025-07-14T14:23:29.217334+00:00", "symbol": "DOGE-USD"}, {"trade_id": 138975950, "side": "sell", "size": "1555.90000000", "price": "0.20572000", "time": "2025-07-14T14:22:40.016243Z", "fetched_at": "2025-07-14T14:23:29.217334+00:00", "symbol": "DOGE-USD"}, {"trade_id": 138975949, "side": "sell", "size": "5.40000000", "price": "0.20572000", "time": "2025-07-14T14:22:40.016243Z", "fetched_at": "2025-07-14T14:23:29.217334+00:00", "symbol": "DOGE-USD"}, {"trade_id": 138975948, "side": "sell", "size": "2917.70000000", "price": "0.20569000", "time": "2025-07-14T14:22:39.373139Z", "fetched_at": "2025-07-14T14:23:29.217334+00:00", "symbol": "DOGE-USD"}, {"trade_id": 138975947, "side": "sell", "size": "1478.70000000", "price": "0.20565000", "time": "2025-07-14T14:22:39.271293Z", "fetched_at": "2025-07-14T14:23:29.217334+00:00", "symbol": "DOGE-USD"}, {"trade_id": 138975946, "side": "buy", "size": "5.40000000", "price": "0.20564000", "time": "2025-07-14T14:22:37.295303Z", "fetched_at": "2025-07-14T14:23:29.217334+00:00", "symbol": "DOGE-USD"}, {"trade_id": 138975945, "side": "buy", "size": "5.40000000", "price": "0.20568000", "time": "2025-07-14T14:22:36.463835Z", "fetched_at": "2025-07-14T14:23:29.217334+00:00", "symbol": "DOGE-USD"}, {"trade_id": 138975944, "side": "buy", "size": "8.60000000", "price": "0.20569000", "time": "2025-07-14T14:22:36.363194Z", "fetched_at": "2025-07-14T14:23:29.217334+00:00", "symbol": "DOGE-USD"}, {"trade_id": 138975943, "side": "buy", "size": "5.40000000", "price": "0.20570000", "time": "2025-07-14T14:22:36.304742Z", "fetched_at": "2025-07-14T14:23:29.217334+00:00", "symbol": "DOGE-USD"}, {"trade_id": 138975942, "side": "buy", "size": "5443.40000000", "price": "0.20573000", "time": "2025-07-14T14:22:34.994705Z", "fetched_at": "2025-07-14T14:23:29.217334+00:00", "symbol": "DOGE-USD"}, {"trade_id": 138975941, "side": "buy", "size": "8084.80000000", "price": "0.20574000", "time": "2025-07-14T14:22:34.994705Z", "fetched_at": "2025-07-14T14:23:29.217334+00:00", "symbol": "DOGE-USD"}, {"trade_id": 138975940, "side": "sell", "size": "83.00000000", "price": "0.20578000", "time": "2025-07-14T14:22:33.641290Z", "fetched_at": "2025-07-14T14:23:29.217334+00:00", "symbol": "DOGE-USD"}, {"trade_id": 138975939, "side": "sell", "size": "5.40000000", "price": "0.20576000", "time": "2025-07-14T14:22:32.912596Z", "fetched_at": "2025-07-14T14:23:29.217334+00:00", "symbol": "DOGE-USD"}, {"trade_id": 138975938, "side": "sell", "size": "1055.90000000", "price": "0.20570000", "time": "2025-07-14T14:22:31.976942Z", "fetched_at": "2025-07-14T14:23:29.217334+00:00", "symbol": "DOGE-USD"}, {"trade_id": 138975937, "side": "sell", "size": "12703.10000000", "price": "0.20570000", "time": "2025-07-14T14:22:31.971943Z", "fetched_at": "2025-07-14T14:23:29.217334+00:00", "symbol": "DOGE-USD"}, {"trade_id": 138975936, "side": "sell", "size": "1274.00000000", "price": "0.20570000", "time": "2025-07-14T14:22:31.966687Z", "fetched_at": "2025-07-14T14:23:29.217334+00:00", "symbol": "DOGE-USD"}, {"trade_id": 138975935, "side": "sell", "size": "1908.70000000", "price": "0.20570000", "time": "2025-07-14T14:22:31.953187Z", "fetched_at": "2025-07-14T14:23:29.217334+00:00", "symbol": "DOGE-USD"}, {"trade_id": 138975934, "side": "sell", "size": "2916.10000000", "price": "0.20570000", "time": "2025-07-14T14:22:31.937727Z", "fetched_at": "2025-07-14T14:23:29.217334+00:00", "symbol": "DOGE-USD"}, {"trade_id": 138975933, "side": "sell", "size": "11110.90000000", "price": "0.20570000", "time": "2025-07-14T14:22:31.927182Z", "fetched_at": "2025-07-14T14:23:29.217334+00:00", "symbol": "DOGE-USD"}, {"trade_id": 138975932, "side": "sell", "size": "3077.00000000", "price": "0.20570000", "time": "2025-07-14T14:22:31.915183Z", "fetched_at": "2025-07-14T14:23:29.217334+00:00", "symbol": "DOGE-USD"}, {"trade_id": 138975931, "side": "sell", "size": "6134.50000000", "price": "0.20570000", "time": "2025-07-14T14:22:31.903988Z", "fetched_at": "2025-07-14T14:23:29.217334+00:00", "symbol": "DOGE-USD"}, {"trade_id": 138975930, "side": "sell", "size": "277.60000000", "price": "0.20562000", "time": "2025-07-14T14:22:31.084998Z", "fetched_at": "2025-07-14T14:23:29.217334+00:00", "symbol": "DOGE-USD"}, {"trade_id": 138975929, "side": "sell", "size": "275.50000000", "price": "0.20562000", "time": "2025-07-14T14:22:31.084998Z", "fetched_at": "2025-07-14T14:23:29.217334+00:00", "symbol": "DOGE-USD"}, {"trade_id": 138975928, "side": "sell", "size": "275.50000000", "price": "0.20563000", "time": "2025-07-14T14:22:31.074414Z", "fetched_at": "2025-07-14T14:23:29.217334+00:00", "symbol": "DOGE-USD"}, {"trade_id": 138975927, "side": "buy", "size": "5.40000000", "price": "0.20562000", "time": "2025-07-14T14:22:31.071252Z", "fetched_at": "2025-07-14T14:23:29.217334+00:00", "symbol": "DOGE-USD"}, {"trade_id": 138975926, "side": "buy", "size": "28.20000000", "price": "0.20563000", "time": "2025-07-14T14:22:30.818520Z", "fetched_at": "2025-07-14T14:23:29.217334+00:00", "symbol": "DOGE-USD"}, {"trade_id": 138975925, "side": "buy", "size": "209.30000000", "price": "0.20563000", "time": "2025-07-14T14:22:30.586164Z", "fetched_at": "2025-07-14T14:23:29.217334+00:00", "symbol": "DOGE-USD"}, {"trade_id": 138975924, "side": "buy", "size": "183.00000000", "price": "0.20564000", "time": "2025-07-14T14:22:30.586164Z", "fetched_at": "2025-07-14T14:23:29.217334+00:00", "symbol": "DOGE-USD"}, {"trade_id": 138975923, "side": "buy", "size": "5.40000000", "price": "0.20564000", "time": "2025-07-14T14:22:30.586164Z", "fetched_at": "2025-07-14T14:23:29.217334+00:00", "symbol": "DOGE-USD"}, {"trade_id": 138975922, "side": "sell", "size": "183.00000000", "price": "0.20565000", "time": "2025-07-14T14:22:30.373367Z", "fetched_at": "2025-07-14T14:23:29.217334+00:00", "symbol": "DOGE-USD"}, {"trade_id": 138975921, "side": "sell", "size": "275.00000000", "price": "0.20566000", "time": "2025-07-14T14:22:30.350779Z", "fetched_at": "2025-07-14T14:23:29.217334+00:00", "symbol": "DOGE-USD"}, {"trade_id": 138975920, "side": "sell", "size": "1307.00000000", "price": "0.20567000", "time": "2025-07-14T14:22:30.290113Z", "fetched_at": "2025-07-14T14:23:29.217334+00:00", "symbol": "DOGE-USD"}, {"trade_id": 138975919, "side": "sell", "size": "275.00000000", "price": "0.20566000", "time": "2025-07-14T14:22:30.290113Z", "fetched_at": "2025-07-14T14:23:29.217334+00:00", "symbol": "DOGE-USD"}, {"trade_id": 138975918, "side": "sell", "size": "275.00000000", "price": "0.20566000", "time": "2025-07-14T14:22:30.279057Z", "fetched_at": "2025-07-14T14:23:29.217334+00:00", "symbol": "DOGE-USD"}, {"trade_id": 138975917, "side": "sell", "size": "275.00000000", "price": "0.20566000", "time": "2025-07-14T14:22:30.190204Z", "fetched_at": "2025-07-14T14:23:29.217334+00:00", "symbol": "DOGE-USD"}, {"trade_id": 138975916, "side": "sell", "size": "275.00000000", "price": "0.20565000", "time": "2025-07-14T14:22:30.175481Z", "fetched_at": "2025-07-14T14:23:29.217334+00:00", "symbol": "DOGE-USD"}, {"trade_id": 138975915, "side": "sell", "size": "275.00000000", "price": "0.20565000", "time": "2025-07-14T14:22:30.162064Z", "fetched_at": "2025-07-14T14:23:29.217334+00:00", "symbol": "DOGE-USD"}, {"trade_id": 138975914, "side": "sell", "size": "275.00000000", "price": "0.20565000", "time": "2025-07-14T14:22:30.040045Z", "fetched_at": "2025-07-14T14:23:29.217334+00:00", "symbol": "DOGE-USD"}, {"trade_id": 138975913, "side": "sell", "size": "275.00000000", "price": "0.20566000", "time": "2025-07-14T14:22:30.008112Z", "fetched_at": "2025-07-14T14:23:29.217334+00:00", "symbol": "DOGE-USD"}, {"trade_id": 138975912, "side": "sell", "size": "275.00000000", "price": "0.20566000", "time": "2025-07-14T14:22:29.994214Z", "fetched_at": "2025-07-14T14:23:29.217334+00:00", "symbol": "DOGE-USD"}, {"trade_id": 138975911, "side": "sell", "size": "275.00000000", "price": "0.20565000", "time": "2025-07-14T14:22:29.940120Z", "fetched_at": "2025-07-14T14:23:29.217334+00:00", "symbol": "DOGE-USD"}, {"trade_id": 138975910, "side": "sell", "size": "275.00000000", "price": "0.20566000", "time": "2025-07-14T14:22:29.927302Z", "fetched_at": "2025-07-14T14:23:29.217334+00:00", "symbol": "DOGE-USD"}, {"trade_id": 138975909, "side": "sell", "size": "275.00000000", "price": "0.20566000", "time": "2025-07-14T14:22:29.913748Z", "fetched_at": "2025-07-14T14:23:29.217334+00:00", "symbol": "DOGE-USD"}, {"trade_id": 138975908, "side": "sell", "size": "275.00000000", "price": "0.20565000", "time": "2025-07-14T14:22:29.831162Z", "fetched_at": "2025-07-14T14:23:29.217334+00:00", "symbol": "DOGE-USD"}, {"trade_id": 138975907, "side": "sell", "size": "275.00000000", "price": "0.20566000", "time": "2025-07-14T14:22:29.820635Z", "fetched_at": "2025-07-14T14:23:29.217334+00:00", "symbol": "DOGE-USD"}, {"trade_id": 138975906, "side": "sell", "size": "275.00000000", "price": "0.20566000", "time": "2025-07-14T14:22:29.772867Z", "fetched_at": "2025-07-14T14:23:29.217334+00:00", "symbol": "DOGE-USD"}, {"trade_id": 138975905, "side": "sell", "size": "275.00000000", "price": "0.20566000", "time": "2025-07-14T14:22:29.759259Z", "fetched_at": "2025-07-14T14:23:29.217334+00:00", "symbol": "DOGE-USD"}, {"trade_id": 138975904, "side": "sell", "size": "275.00000000", "price": "0.20568000", "time": "2025-07-14T14:22:29.739673Z", "fetched_at": "2025-07-14T14:23:29.217334+00:00", "symbol": "DOGE-USD"}, {"trade_id": 138975903, "side": "sell", "size": "6341.40000000", "price": "0.20570000", "time": "2025-07-14T14:22:29.725439Z", "fetched_at": "2025-07-14T14:23:29.217334+00:00", "symbol": "DOGE-USD"}, {"trade_id": 138975902, "side": "sell", "size": "275.00000000", "price": "0.20570000", "time": "2025-07-14T14:22:29.639949Z", "fetched_at": "2025-07-14T14:23:29.217334+00:00", "symbol": "DOGE-USD"}, {"trade_id": 138975901, "side": "sell", "size": "92.00000000", "price": "0.20570000", "time": "2025-07-14T14:22:29.624755Z", "fetched_at": "2025-07-14T14:23:29.217334+00:00", "symbol": "DOGE-USD"}, {"trade_id": 138975900, "side": "sell", "size": "183.00000000", "price": "0.20570000", "time": "2025-07-14T14:22:29.613995Z", "fetched_at": "2025-07-14T14:23:29.217334+00:00", "symbol": "DOGE-USD"}, {"trade_id": 138975899, "side": "sell", "size": "275.00000000", "price": "0.20571000", "time": "2025-07-14T14:22:29.522279Z", "fetched_at": "2025-07-14T14:23:29.217334+00:00", "symbol": "DOGE-USD"}, {"trade_id": 138975898, "side": "sell", "size": "275.00000000", "price": "0.20571000", "time": "2025-07-14T14:22:29.484683Z", "fetched_at": "2025-07-14T14:23:29.217334+00:00", "symbol": "DOGE-USD"}, {"trade_id": 138975897, "side": "sell", "size": "275.50000000", "price": "0.20573000", "time": "2025-07-14T14:22:29.447082Z", "fetched_at": "2025-07-14T14:23:29.217334+00:00", "symbol": "DOGE-USD"}, {"trade_id": 138975896, "side": "sell", "size": "275.00000000", "price": "0.20573000", "time": "2025-07-14T14:22:29.447082Z", "fetched_at": "2025-07-14T14:23:29.217334+00:00", "symbol": "DOGE-USD"}, {"trade_id": 138975895, "side": "sell", "size": "183.00000000", "price": "0.20575000", "time": "2025-07-14T14:22:29.416448Z", "fetched_at": "2025-07-14T14:23:29.217334+00:00", "symbol": "DOGE-USD"}, {"trade_id": 138975894, "side": "sell", "size": "275.50000000", "price": "0.20575000", "time": "2025-07-14T14:22:29.404593Z", "fetched_at": "2025-07-14T14:23:29.217334+00:00", "symbol": "DOGE-USD"}, {"trade_id": 138975893, "side": "sell", "size": "1423.10000000", "price": "0.20577000", "time": "2025-07-14T14:22:29.367154Z", "fetched_at": "2025-07-14T14:23:29.217334+00:00", "symbol": "DOGE-USD"}, {"trade_id": 138975892, "side": "sell", "size": "183.00000000", "price": "0.20579000", "time": "2025-07-14T14:22:29.314151Z", "fetched_at": "2025-07-14T14:23:29.217334+00:00", "symbol": "DOGE-USD"}, {"trade_id": 138975891, "side": "sell", "size": "183.00000000", "price": "0.20579000", "time": "2025-07-14T14:22:29.278266Z", "fetched_at": "2025-07-14T14:23:29.217334+00:00", "symbol": "DOGE-USD"}, {"trade_id": 138975890, "side": "sell", "size": "1408.60000000", "price": "0.20581000", "time": "2025-07-14T14:22:29.266552Z", "fetched_at": "2025-07-14T14:23:29.217334+00:00", "symbol": "DOGE-USD"}, {"trade_id": 138975889, "side": "sell", "size": "1471.70000000", "price": "0.20581000", "time": "2025-07-14T14:22:29.226220Z", "fetched_at": "2025-07-14T14:23:29.217334+00:00", "symbol": "DOGE-USD"}, {"trade_id": 138975888, "side": "sell", "size": "1474.20000000", "price": "0.20581000", "time": "2025-07-14T14:22:29.226220Z", "fetched_at": "2025-07-14T14:23:29.217334+00:00", "symbol": "DOGE-USD"}, {"trade_id": 138975887, "side": "sell", "size": "275.50000000", "price": "0.20580000", "time": "2025-07-14T14:22:29.206822Z", "fetched_at": "2025-07-14T14:23:29.217334+00:00", "symbol": "DOGE-USD"}, {"trade_id": 138975886, "side": "sell", "size": "275.00000000", "price": "0.20579000", "time": "2025-07-14T14:22:29.195043Z", "fetched_at": "2025-07-14T14:23:29.217334+00:00", "symbol": "DOGE-USD"}, {"trade_id": 138975885, "side": "sell", "size": "275.00000000", "price": "0.20578000", "time": "2025-07-14T14:22:29.121814Z", "fetched_at": "2025-07-14T14:23:29.217334+00:00", "symbol": "DOGE-USD"}, {"trade_id": 138975884, "side": "sell", "size": "183.00000000", "price": "0.20579000", "time": "2025-07-14T14:22:29.111162Z", "fetched_at": "2025-07-14T14:23:29.217334+00:00", "symbol": "DOGE-USD"}, {"trade_id": 138975883, "side": "sell", "size": "1308.90000000", "price": "0.20580000", "time": "2025-07-14T14:22:28.874724Z", "fetched_at": "2025-07-14T14:23:29.217334+00:00", "symbol": "DOGE-USD"}, {"trade_id": 138975882, "side": "sell", "size": "5.40000000", "price": "0.20580000", "time": "2025-07-14T14:22:28.679835Z", "fetched_at": "2025-07-14T14:23:29.217334+00:00", "symbol": "DOGE-USD"}, {"trade_id": 138975881, "side": "sell", "size": "5.40000000", "price": "0.20578000", "time": "2025-07-14T14:22:28.632041Z", "fetched_at": "2025-07-14T14:23:29.217334+00:00", "symbol": "DOGE-USD"}, {"trade_id": 138975880, "side": "sell", "size": "5.40000000", "price": "0.20576000", "time": "2025-07-14T14:22:28.561084Z", "fetched_at": "2025-07-14T14:23:29.217334+00:00", "symbol": "DOGE-USD"}, {"trade_id": 138975879, "side": "sell", "size": "5.40000000", "price": "0.20572000", "time": "2025-07-14T14:22:28.466743Z", "fetched_at": "2025-07-14T14:23:29.217334+00:00", "symbol": "DOGE-USD"}, {"trade_id": 138975878, "side": "sell", "size": "275.00000000", "price": "0.20565000", "time": "2025-07-14T14:22:28.391084Z", "fetched_at": "2025-07-14T14:23:29.217334+00:00", "symbol": "DOGE-USD"}, {"trade_id": 138975877, "side": "buy", "size": "4.40000000", "price": "0.20566000", "time": "2025-07-14T14:22:28.316351Z", "fetched_at": "2025-07-14T14:23:29.217334+00:00", "symbol": "DOGE-USD"}, {"trade_id": 138975876, "side": "buy", "size": "1.00000000", "price": "0.20566000", "time": "2025-07-14T14:22:28.250895Z", "fetched_at": "2025-07-14T14:23:29.217334+00:00", "symbol": "DOGE-USD"}, {"trade_id": 138975875, "side": "sell", "size": "275.00000000", "price": "0.20572000", "time": "2025-07-14T14:22:25.509580Z", "fetched_at": "2025-07-14T14:23:29.217334+00:00", "symbol": "DOGE-USD"}, {"trade_id": 138975874, "side": "sell", "size": "275.00000000", "price": "0.20567000", "time": "2025-07-14T14:22:25.169952Z", "fetched_at": "2025-07-14T14:23:29.217334+00:00", "symbol": "DOGE-USD"}, {"trade_id": 138975873, "side": "sell", "size": "275.00000000", "price": "0.20571000", "time": "2025-07-14T14:22:25.109135Z", "fetched_at": "2025-07-14T14:23:29.217334+00:00", "symbol": "DOGE-USD"}, {"trade_id": 138975872, "side": "buy", "size": "329.40000000", "price": "0.20568000", "time": "2025-07-14T14:22:25.105787Z", "fetched_at": "2025-07-14T14:23:29.217334+00:00", "symbol": "DOGE-USD"}, {"trade_id": 138975871, "side": "buy", "size": "5.40000000", "price": "0.20568000", "time": "2025-07-14T14:22:25.105787Z", "fetched_at": "2025-07-14T14:23:29.217334+00:00", "symbol": "DOGE-USD"}, {"trade_id": 138975870, "side": "buy", "size": "5.40000000", "price": "0.20570000", "time": "2025-07-14T14:22:25.105787Z", "fetched_at": "2025-07-14T14:23:29.217334+00:00", "symbol": "DOGE-USD"}, {"trade_id": 138975869, "side": "buy", "size": "5.40000000", "price": "0.20572000", "time": "2025-07-14T14:22:24.372931Z", "fetched_at": "2025-07-14T14:23:29.217334+00:00", "symbol": "DOGE-USD"}, {"trade_id": 138975868, "side": "buy", "size": "8.60000000", "price": "0.20573000", "time": "2025-07-14T14:22:24.369391Z", "fetched_at": "2025-07-14T14:23:29.217334+00:00", "symbol": "DOGE-USD"}, {"trade_id": 138975867, "side": "sell", "size": "275.00000000", "price": "0.20576000", "time": "2025-07-14T14:22:23.158597Z", "fetched_at": "2025-07-14T14:23:29.217334+00:00", "symbol": "DOGE-USD"}, {"trade_id": 138975866, "side": "sell", "size": "275.00000000", "price": "0.20574000", "time": "2025-07-14T14:22:23.106731Z", "fetched_at": "2025-07-14T14:23:29.217334+00:00", "symbol": "DOGE-USD"}, {"trade_id": 138975865, "side": "sell", "size": "275.00000000", "price": "0.20573000", "time": "2025-07-14T14:22:22.906889Z", "fetched_at": "2025-07-14T14:23:29.217334+00:00", "symbol": "DOGE-USD"}, {"trade_id": 138975864, "side": "sell", "size": "275.00000000", "price": "0.20573000", "time": "2025-07-14T14:22:22.810301Z", "fetched_at": "2025-07-14T14:23:29.217334+00:00", "symbol": "DOGE-USD"}, {"trade_id": 138975863, "side": "sell", "size": "275.00000000", "price": "0.20573000", "time": "2025-07-14T14:22:21.383010Z", "fetched_at": "2025-07-14T14:23:29.217334+00:00", "symbol": "DOGE-USD"}, {"trade_id": 138975862, "side": "sell", "size": "228.90000000", "price": "0.20573000", "time": "2025-07-14T14:22:20.607197Z", "fetched_at": "2025-07-14T14:23:29.217334+00:00", "symbol": "DOGE-USD"}, {"trade_id": 138975861, "side": "sell", "size": "46.10000000", "price": "0.20573000", "time": "2025-07-14T14:22:20.574528Z", "fetched_at": "2025-07-14T14:23:29.217334+00:00", "symbol": "DOGE-USD"}, {"trade_id": 138975860, "side": "buy", "size": "5.40000000", "price": "0.20576000", "time": "2025-07-14T14:22:20.260195Z", "fetched_at": "2025-07-14T14:23:29.217334+00:00", "symbol": "DOGE-USD"}, {"trade_id": 138975859, "side": "buy", "size": "8286.30000000", "price": "0.20578000", "time": "2025-07-14T14:22:14.856910Z", "fetched_at": "2025-07-14T14:23:29.217334+00:00", "symbol": "DOGE-USD"}, {"trade_id": 138975858, "side": "buy", "size": "5.40000000", "price": "0.20578000", "time": "2025-07-14T14:22:14.856910Z", "fetched_at": "2025-07-14T14:23:29.217334+00:00", "symbol": "DOGE-USD"}, {"trade_id": 138975857, "side": "buy", "size": "8.50000000", "price": "0.20584000", "time": "2025-07-14T14:22:12.994194Z", "fetched_at": "2025-07-14T14:23:29.217334+00:00", "symbol": "DOGE-USD"}, {"trade_id": 138975856, "side": "sell", "size": "230.60000000", "price": "0.20590000", "time": "2025-07-14T14:22:11.107529Z", "fetched_at": "2025-07-14T14:23:29.217334+00:00", "symbol": "DOGE-USD"}, {"trade_id": 138975855, "side": "sell", "size": "5.40000000", "price": "0.20590000", "time": "2025-07-14T14:22:11.107529Z", "fetched_at": "2025-07-14T14:23:29.217334+00:00", "symbol": "DOGE-USD"}, {"trade_id": 138975854, "side": "sell", "size": "5.40000000", "price": "0.20588000", "time": "2025-07-14T14:22:10.794182Z", "fetched_at": "2025-07-14T14:23:29.217334+00:00", "symbol": "DOGE-USD"}, {"trade_id": 138975853, "side": "sell", "size": "4151.60000000", "price": "0.20585000", "time": "2025-07-14T14:22:10.664981Z", "fetched_at": "2025-07-14T14:23:29.217334+00:00", "symbol": "DOGE-USD"}, {"trade_id": 138975852, "side": "sell", "size": "2956.60000000", "price": "0.20585000", "time": "2025-07-14T14:22:10.664971Z", "fetched_at": "2025-07-14T14:23:29.217334+00:00", "symbol": "DOGE-USD"}, {"trade_id": 138975851, "side": "sell", "size": "5432.60000000", "price": "0.20585000", "time": "2025-07-14T14:22:10.652552Z", "fetched_at": "2025-07-14T14:23:29.217334+00:00", "symbol": "DOGE-USD"}, {"trade_id": 138975850, "side": "sell", "size": "5285.30000000", "price": "0.20585000", "time": "2025-07-14T14:22:10.642104Z", "fetched_at": "2025-07-14T14:23:29.217334+00:00", "symbol": "DOGE-USD"}, {"trade_id": 138975849, "side": "sell", "size": "275.00000000", "price": "0.20579000", "time": "2025-07-14T14:22:10.136015Z", "fetched_at": "2025-07-14T14:23:29.217334+00:00", "symbol": "DOGE-USD"}, {"trade_id": 138975848, "side": "buy", "size": "1247.00000000", "price": "0.20581000", "time": "2025-07-14T14:22:09.644729Z", "fetched_at": "2025-07-14T14:23:29.217334+00:00", "symbol": "DOGE-USD"}, {"trade_id": 138975847, "side": "buy", "size": "5.40000000", "price": "0.20582000", "time": "2025-07-14T14:22:09.644729Z", "fetched_at": "2025-07-14T14:23:29.217334+00:00", "symbol": "DOGE-USD"}, {"trade_id": 138975846, "side": "buy", "size": "5.40000000", "price": "0.20584000", "time": "2025-07-14T14:22:09.128129Z", "fetched_at": "2025-07-14T14:23:29.217334+00:00", "symbol": "DOGE-USD"}, {"trade_id": 138975845, "side": "sell", "size": "12664.60000000", "price": "0.20587000", "time": "2025-07-14T14:22:08.275828Z", "fetched_at": "2025-07-14T14:23:29.217334+00:00", "symbol": "DOGE-USD"}, {"trade_id": 138975844, "side": "sell", "size": "275.00000000", "price": "0.20585000", "time": "2025-07-14T14:22:08.259662Z", "fetched_at": "2025-07-14T14:23:29.217334+00:00", "symbol": "DOGE-USD"}, {"trade_id": 138975843, "side": "buy", "size": "17823.10000000", "price": "0.20585000", "time": "2025-07-14T14:22:07.785971Z", "fetched_at": "2025-07-14T14:23:29.217334+00:00", "symbol": "DOGE-USD"}, {"trade_id": 138975842, "side": "sell", "size": "185.40000000", "price": "0.20589000", "time": "2025-07-14T14:22:05.869836Z", "fetched_at": "2025-07-14T14:23:29.217334+00:00", "symbol": "DOGE-USD"}, {"trade_id": 138975841, "side": "sell", "size": "275.00000000", "price": "0.20587000", "time": "2025-07-14T14:22:05.869836Z", "fetched_at": "2025-07-14T14:23:29.217334+00:00", "symbol": "DOGE-USD"}, {"trade_id": 138975840, "side": "buy", "size": "148.50000000", "price": "0.20585000", "time": "2025-07-14T14:22:05.693026Z", "fetched_at": "2025-07-14T14:23:29.217334+00:00", "symbol": "DOGE-USD"}, {"trade_id": 138975839, "side": "buy", "size": "5.40000000", "price": "0.20586000", "time": "2025-07-14T14:22:05.693026Z", "fetched_at": "2025-07-14T14:23:29.217334+00:00", "symbol": "DOGE-USD"}, {"trade_id": 138975838, "side": "buy", "size": "5.40000000", "price": "0.20588000", "time": "2025-07-14T14:22:05.676018Z", "fetched_at": "2025-07-14T14:23:29.217334+00:00", "symbol": "DOGE-USD"}, {"trade_id": 138975837, "side": "sell", "size": "275.00000000", "price": "0.20590000", "time": "2025-07-14T14:22:05.478215Z", "fetched_at": "2025-07-14T14:23:29.217334+00:00", "symbol": "DOGE-USD"}, {"trade_id": 138975836, "side": "sell", "size": "5.40000000", "price": "0.20594000", "time": "2025-07-14T14:22:05.015972Z", "fetched_at": "2025-07-14T14:23:29.217334+00:00", "symbol": "DOGE-USD"}, {"trade_id": 138975835, "side": "sell", "size": "275.00000000", "price": "0.20589000", "time": "2025-07-14T14:22:03.331015Z", "fetched_at": "2025-07-14T14:23:29.217334+00:00", "symbol": "DOGE-USD"}, {"trade_id": 138975834, "side": "sell", "size": "413.20000000", "price": "0.20589000", "time": "2025-07-14T14:22:01.918852Z", "fetched_at": "2025-07-14T14:23:29.217334+00:00", "symbol": "DOGE-USD"}, {"trade_id": 138975833, "side": "buy", "size": "1526.30000000", "price": "0.20590000", "time": "2025-07-14T14:22:01.910730Z", "fetched_at": "2025-07-14T14:23:29.217334+00:00", "symbol": "DOGE-USD"}, {"trade_id": 138975832, "side": "buy", "size": "1618.60000000", "price": "0.20590000", "time": "2025-07-14T14:22:01.910730Z", "fetched_at": "2025-07-14T14:23:29.217334+00:00", "symbol": "DOGE-USD"}, {"trade_id": 138975831, "side": "buy", "size": "5.40000000", "price": "0.20590000", "time": "2025-07-14T14:22:01.910730Z", "fetched_at": "2025-07-14T14:23:29.217334+00:00", "symbol": "DOGE-USD"}, {"trade_id": 138975830, "side": "sell", "size": "866.40000000", "price": "0.20592000", "time": "2025-07-14T14:22:00.595759Z", "fetched_at": "2025-07-14T14:23:29.217334+00:00", "symbol": "DOGE-USD"}, {"trade_id": 138975829, "side": "sell", "size": "275.50000000", "price": "0.20591000", "time": "2025-07-14T14:22:00.595759Z", "fetched_at": "2025-07-14T14:23:29.217334+00:00", "symbol": "DOGE-USD"}, {"trade_id": 138975828, "side": "sell", "size": "275.00000000", "price": "0.20591000", "time": "2025-07-14T14:22:00.595759Z", "fetched_at": "2025-07-14T14:23:29.217334+00:00", "symbol": "DOGE-USD"}, {"trade_id": 138975827, "side": "sell", "size": "275.00000000", "price": "0.20591000", "time": "2025-07-14T14:22:00.310058Z", "fetched_at": "2025-07-14T14:23:29.217334+00:00", "symbol": "DOGE-USD"}, {"trade_id": 138975826, "side": "sell", "size": "275.00000000", "price": "0.20591000", "time": "2025-07-14T14:22:00.296498Z", "fetched_at": "2025-07-14T14:23:29.217334+00:00", "symbol": "DOGE-USD"}, {"trade_id": 138975825, "side": "sell", "size": "275.00000000", "price": "0.20596000", "time": "2025-07-14T14:21:59.919289Z", "fetched_at": "2025-07-14T14:23:29.217334+00:00", "symbol": "DOGE-USD"}, {"trade_id": 138975824, "side": "sell", "size": "275.00000000", "price": "0.20597000", "time": "2025-07-14T14:21:59.750111Z", "fetched_at": "2025-07-14T14:23:29.217334+00:00", "symbol": "DOGE-USD"}, {"trade_id": 138975823, "side": "sell", "size": "275.00000000", "price": "0.20597000", "time": "2025-07-14T14:21:59.725565Z", "fetched_at": "2025-07-14T14:23:29.217334+00:00", "symbol": "DOGE-USD"}, {"trade_id": 138975822, "side": "sell", "size": "275.00000000", "price": "0.20596000", "time": "2025-07-14T14:21:59.362337Z", "fetched_at": "2025-07-14T14:23:29.217334+00:00", "symbol": "DOGE-USD"}, {"trade_id": 138975821, "side": "sell", "size": "275.00000000", "price": "0.20597000", "time": "2025-07-14T14:21:59.316658Z", "fetched_at": "2025-07-14T14:23:29.217334+00:00", "symbol": "DOGE-USD"}, {"trade_id": 138975820, "side": "sell", "size": "275.00000000", "price": "0.20594000", "time": "2025-07-14T14:21:59.296024Z", "fetched_at": "2025-07-14T14:23:29.217334+00:00", "symbol": "DOGE-USD"}, {"trade_id": 138975819, "side": "sell", "size": "1012.10000000", "price": "0.20598000", "time": "2025-07-14T14:21:59.159109Z", "fetched_at": "2025-07-14T14:23:29.217334+00:00", "symbol": "DOGE-USD"}, {"trade_id": 138975818, "side": "sell", "size": "275.00000000", "price": "0.20597000", "time": "2025-07-14T14:21:59.159109Z", "fetched_at": "2025-07-14T14:23:29.217334+00:00", "symbol": "DOGE-USD"}, {"trade_id": 138975817, "side": "sell", "size": "275.00000000", "price": "0.20599000", "time": "2025-07-14T14:21:59.037045Z", "fetched_at": "2025-07-14T14:23:29.217334+00:00", "symbol": "DOGE-USD"}, {"trade_id": 138975816, "side": "sell", "size": "275.00000000", "price": "0.20600000", "time": "2025-07-14T14:21:58.984577Z", "fetched_at": "2025-07-14T14:23:29.217334+00:00", "symbol": "DOGE-USD"}, {"trade_id": 138975815, "side": "sell", "size": "275.00000000", "price": "0.20600000", "time": "2025-07-14T14:21:58.964761Z", "fetched_at": "2025-07-14T14:23:29.217334+00:00", "symbol": "DOGE-USD"}, {"trade_id": 138975814, "side": "sell", "size": "275.00000000", "price": "0.20601000", "time": "2025-07-14T14:21:58.675168Z", "fetched_at": "2025-07-14T14:23:29.217334+00:00", "symbol": "DOGE-USD"}, {"trade_id": 138975813, "side": "sell", "size": "275.00000000", "price": "0.20602000", "time": "2025-07-14T14:21:58.593930Z", "fetched_at": "2025-07-14T14:23:29.217334+00:00", "symbol": "DOGE-USD"}, {"trade_id": 138975812, "side": "buy", "size": "1040.50000000", "price": "0.20599000", "time": "2025-07-14T14:21:57.710995Z", "fetched_at": "2025-07-14T14:23:29.217334+00:00", "symbol": "DOGE-USD"}, {"trade_id": 138975811, "side": "buy", "size": "2842.70000000", "price": "0.20600000", "time": "2025-07-14T14:21:57.710995Z", "fetched_at": "2025-07-14T14:23:29.217334+00:00", "symbol": "DOGE-USD"}, {"trade_id": 138975810, "side": "sell", "size": "275.00000000", "price": "0.20602000", "time": "2025-07-14T14:21:57.688516Z", "fetched_at": "2025-07-14T14:23:29.217334+00:00", "symbol": "DOGE-USD"}, {"trade_id": 138975809, "side": "sell", "size": "5.40000000", "price": "0.20604000", "time": "2025-07-14T14:21:57.573215Z", "fetched_at": "2025-07-14T14:23:29.217334+00:00", "symbol": "DOGE-USD"}, {"trade_id": 138975808, "side": "buy", "size": "5314.80000000", "price": "0.20593000", "time": "2025-07-14T14:21:56.868054Z", "fetched_at": "2025-07-14T14:23:29.217334+00:00", "symbol": "DOGE-USD"}, {"trade_id": 138975807, "side": "buy", "size": "2500.00000000", "price": "0.20594000", "time": "2025-07-14T14:21:56.868054Z", "fetched_at": "2025-07-14T14:23:29.217334+00:00", "symbol": "DOGE-USD"}, {"trade_id": 138975806, "side": "buy", "size": "3391.60000000", "price": "0.20594000", "time": "2025-07-14T14:21:56.868054Z", "fetched_at": "2025-07-14T14:23:29.217334+00:00", "symbol": "DOGE-USD"}, {"trade_id": 138975805, "side": "buy", "size": "1898.60000000", "price": "0.20595000", "time": "2025-07-14T14:21:56.868054Z", "fetched_at": "2025-07-14T14:23:29.217334+00:00", "symbol": "DOGE-USD"}, {"trade_id": 138975804, "side": "buy", "size": "6902.60000000", "price": "0.20595000", "time": "2025-07-14T14:21:56.868054Z", "fetched_at": "2025-07-14T14:23:29.217334+00:00", "symbol": "DOGE-USD"}, {"trade_id": 138975803, "side": "buy", "size": "810.00000000", "price": "0.20595000", "time": "2025-07-14T14:21:56.868054Z", "fetched_at": "2025-07-14T14:23:29.217334+00:00", "symbol": "DOGE-USD"}, {"trade_id": 138975802, "side": "buy", "size": "5766.70000000", "price": "0.20596000", "time": "2025-07-14T14:21:56.868054Z", "fetched_at": "2025-07-14T14:23:29.217334+00:00", "symbol": "DOGE-USD"}, {"trade_id": 138975801, "side": "buy", "size": "500.00000000", "price": "0.20596000", "time": "2025-07-14T14:21:56.868054Z", "fetched_at": "2025-07-14T14:23:29.217334+00:00", "symbol": "DOGE-USD"}, {"trade_id": 138975800, "side": "buy", "size": "6902.60000000", "price": "0.20597000", "time": "2025-07-14T14:21:56.868054Z", "fetched_at": "2025-07-14T14:23:29.217334+00:00", "symbol": "DOGE-USD"}, {"trade_id": 138975799, "side": "buy", "size": "1352.50000000", "price": "0.20597000", "time": "2025-07-14T14:21:56.868054Z", "fetched_at": "2025-07-14T14:23:29.217334+00:00", "symbol": "DOGE-USD"}, {"trade_id": 138975798, "side": "buy", "size": "4953.10000000", "price": "0.20598000", "time": "2025-07-14T14:21:56.868054Z", "fetched_at": "2025-07-14T14:23:29.217334+00:00", "symbol": "DOGE-USD"}, {"trade_id": 138975797, "side": "buy", "size": "10000.00000000", "price": "0.20598000", "time": "2025-07-14T14:21:56.868054Z", "fetched_at": "2025-07-14T14:23:29.217334+00:00", "symbol": "DOGE-USD"}, {"trade_id": 138975796, "side": "buy", "size": "1417.50000000", "price": "0.20598000", "time": "2025-07-14T14:21:56.868054Z", "fetched_at": "2025-07-14T14:23:29.217334+00:00", "symbol": "DOGE-USD"}, {"trade_id": 138975795, "side": "buy", "size": "6850.50000000", "price": "0.20599000", "time": "2025-07-14T14:21:56.868054Z", "fetched_at": "2025-07-14T14:23:29.217334+00:00", "symbol": "DOGE-USD"}, {"trade_id": 138975794, "side": "buy", "size": "810.00000000", "price": "0.20599000", "time": "2025-07-14T14:21:56.868054Z", "fetched_at": "2025-07-14T14:23:29.217334+00:00", "symbol": "DOGE-USD"}, {"trade_id": 138975793, "side": "buy", "size": "1479.00000000", "price": "0.20602000", "time": "2025-07-14T14:21:56.868054Z", "fetched_at": "2025-07-14T14:23:29.217334+00:00", "symbol": "DOGE-USD"}, {"trade_id": 138975792, "side": "buy", "size": "1457.40000000", "price": "0.20602000", "time": "2025-07-14T14:21:56.868054Z", "fetched_at": "2025-07-14T14:23:29.217334+00:00", "symbol": "DOGE-USD"}, {"trade_id": 138975791, "side": "sell", "size": "449.80000000", "price": "0.20602000", "time": "2025-07-14T14:21:56.126828Z", "fetched_at": "2025-07-14T14:23:29.217334+00:00", "symbol": "DOGE-USD"}, {"trade_id": 138975790, "side": "sell", "size": "5.40000000", "price": "0.20602000", "time": "2025-07-14T14:21:56.126828Z", "fetched_at": "2025-07-14T14:23:29.217334+00:00", "symbol": "DOGE-USD"}, {"trade_id": 138975789, "side": "sell", "size": "5.40000000", "price": "0.20600000", "time": "2025-07-14T14:21:56.126828Z", "fetched_at": "2025-07-14T14:23:29.217334+00:00", "symbol": "DOGE-USD"}, {"trade_id": 138975788, "side": "buy", "size": "27.20000000", "price": "0.20595000", "time": "2025-07-14T14:21:54.755302Z", "fetched_at": "2025-07-14T14:23:29.217334+00:00", "symbol": "DOGE-USD"}, {"trade_id": 138975787, "side": "buy", "size": "479.70000000", "price": "0.20596000", "time": "2025-07-14T14:21:53.847540Z", "fetched_at": "2025-07-14T14:23:29.217334+00:00", "symbol": "DOGE-USD"}, {"trade_id": 138975786, "side": "buy", "size": "183.00000000", "price": "0.20598000", "time": "2025-07-14T14:21:53.847540Z", "fetched_at": "2025-07-14T14:23:29.217334+00:00", "symbol": "DOGE-USD"}, {"trade_id": 138975785, "side": "buy", "size": "6350.10000000", "price": "0.20592000", "time": "2025-07-14T14:21:52.435423Z", "fetched_at": "2025-07-14T14:23:29.217334+00:00", "symbol": "DOGE-USD"}, {"trade_id": 138975784, "side": "buy", "size": "5.40000000", "price": "0.20592000", "time": "2025-07-14T14:21:52.435423Z", "fetched_at": "2025-07-14T14:23:29.217334+00:00", "symbol": "DOGE-USD"}, {"trade_id": 138975783, "side": "buy", "size": "5.40000000", "price": "0.20594000", "time": "2025-07-14T14:21:52.435423Z", "fetched_at": "2025-07-14T14:23:29.217334+00:00", "symbol": "DOGE-USD"}, {"trade_id": 138975782, "side": "buy", "size": "5.40000000", "price": "0.20596000", "time": "2025-07-14T14:21:51.155151Z", "fetched_at": "2025-07-14T14:23:29.217334+00:00", "symbol": "DOGE-USD"}, {"trade_id": 138975781, "side": "buy", "size": "5.40000000", "price": "0.20600000", "time": "2025-07-14T14:21:50.380190Z", "fetched_at": "2025-07-14T14:23:29.217334+00:00", "symbol": "DOGE-USD"}, {"trade_id": 138975780, "side": "sell", "size": "1.80000000", "price": "0.20602000", "time": "2025-07-14T14:21:47.922824Z", "fetched_at": "2025-07-14T14:23:29.217334+00:00", "symbol": "DOGE-USD"}, {"trade_id": 138975779, "side": "sell", "size": "275.00000000", "price": "0.20602000", "time": "2025-07-14T14:21:47.512396Z", "fetched_at": "2025-07-14T14:23:29.217334+00:00", "symbol": "DOGE-USD"}, {"trade_id": 138975778, "side": "sell", "size": "275.00000000", "price": "0.20601000", "time": "2025-07-14T14:21:47.481776Z", "fetched_at": "2025-07-14T14:23:29.217334+00:00", "symbol": "DOGE-USD"}, {"trade_id": 138975777, "side": "buy", "size": "12664.60000000", "price": "0.20605000", "time": "2025-07-14T14:21:47.390581Z", "fetched_at": "2025-07-14T14:23:29.217334+00:00", "symbol": "DOGE-USD"}, {"trade_id": 138975776, "side": "buy", "size": "14.70000000", "price": "0.20608000", "time": "2025-07-14T14:21:45.700530Z", "fetched_at": "2025-07-14T14:23:29.217334+00:00", "symbol": "DOGE-USD"}, {"trade_id": 138975775, "side": "sell", "size": "5.40000000", "price": "0.20612000", "time": "2025-07-14T14:21:44.592790Z", "fetched_at": "2025-07-14T14:23:29.217334+00:00", "symbol": "DOGE-USD"}, {"trade_id": 138975774, "side": "sell", "size": "5.40000000", "price": "0.20610000", "time": "2025-07-14T14:21:44.411609Z", "fetched_at": "2025-07-14T14:23:29.217334+00:00", "symbol": "DOGE-USD"}, {"trade_id": 138975773, "side": "sell", "size": "5.40000000", "price": "0.20608000", "time": "2025-07-14T14:21:44.286359Z", "fetched_at": "2025-07-14T14:23:29.217334+00:00", "symbol": "DOGE-USD"}, {"trade_id": 138975772, "side": "sell", "size": "5.40000000", "price": "0.20606000", "time": "2025-07-14T14:21:43.938736Z", "fetched_at": "2025-07-14T14:23:29.217334+00:00", "symbol": "DOGE-USD"}, {"trade_id": 138975771, "side": "sell", "size": "5.40000000", "price": "0.20604000", "time": "2025-07-14T14:21:43.925831Z", "fetched_at": "2025-07-14T14:23:29.217334+00:00", "symbol": "DOGE-USD"}, {"trade_id": 138975770, "side": "sell", "size": "17825.60000000", "price": "0.20602000", "time": "2025-07-14T14:21:43.694925Z", "fetched_at": "2025-07-14T14:23:29.217334+00:00", "symbol": "DOGE-USD"}, {"trade_id": 138975769, "side": "sell", "size": "5.40000000", "price": "0.20602000", "time": "2025-07-14T14:21:43.694925Z", "fetched_at": "2025-07-14T14:23:29.217334+00:00", "symbol": "DOGE-USD"}, {"trade_id": 138975768, "side": "sell", "size": "5.40000000", "price": "0.20600000", "time": "2025-07-14T14:21:43.630936Z", "fetched_at": "2025-07-14T14:23:29.217334+00:00", "symbol": "DOGE-USD"}, {"trade_id": 138975767, "side": "sell", "size": "46.00000000", "price": "0.20595000", "time": "2025-07-14T14:21:42.238610Z", "fetched_at": "2025-07-14T14:23:29.217334+00:00", "symbol": "DOGE-USD"}, {"trade_id": 138975766, "side": "sell", "size": "5.40000000", "price": "0.20598000", "time": "2025-07-14T14:21:40.097208Z", "fetched_at": "2025-07-14T14:23:29.217334+00:00", "symbol": "DOGE-USD"}, {"trade_id": 138975765, "side": "buy", "size": "132.60000000", "price": "0.20589000", "time": "2025-07-14T14:21:37.823862Z", "fetched_at": "2025-07-14T14:23:29.217334+00:00", "symbol": "DOGE-USD"}, {"trade_id": 138975764, "side": "buy", "size": "5.40000000", "price": "0.20592000", "time": "2025-07-14T14:21:36.881514Z", "fetched_at": "2025-07-14T14:23:29.217334+00:00", "symbol": "DOGE-USD"}, {"trade_id": 138975763, "side": "buy", "size": "5.40000000", "price": "0.20594000", "time": "2025-07-14T14:21:33.738155Z", "fetched_at": "2025-07-14T14:23:29.217334+00:00", "symbol": "DOGE-USD"}, {"trade_id": 138975762, "side": "buy", "size": "5.40000000", "price": "0.20596000", "time": "2025-07-14T14:21:31.045504Z", "fetched_at": "2025-07-14T14:23:29.217334+00:00", "symbol": "DOGE-USD"}, {"trade_id": 138975761, "side": "buy", "size": "5.40000000", "price": "0.20598000", "time": "2025-07-14T14:21:30.760861Z", "fetched_at": "2025-07-14T14:23:29.217334+00:00", "symbol": "DOGE-USD"}, {"trade_id": 138975760, "side": "buy", "size": "5.40000000", "price": "0.20600000", "time": "2025-07-14T14:21:30.717867Z", "fetched_at": "2025-07-14T14:23:29.217334+00:00", "symbol": "DOGE-USD"}, {"trade_id": 138975759, "side": "buy", "size": "5.40000000", "price": "0.20602000", "time": "2025-07-14T14:21:30.387548Z", "fetched_at": "2025-07-14T14:23:29.217334+00:00", "symbol": "DOGE-USD"}, {"trade_id": 138975758, "side": "buy", "size": "5.40000000", "price": "0.20604000", "time": "2025-07-14T14:21:30.354868Z", "fetched_at": "2025-07-14T14:23:29.217334+00:00", "symbol": "DOGE-USD"}, {"trade_id": 138975757, "side": "buy", "size": "2515.80000000", "price": "0.20605000", "time": "2025-07-14T14:21:29.410501Z", "fetched_at": "2025-07-14T14:23:29.217334+00:00", "symbol": "DOGE-USD"}, {"trade_id": 138975756, "side": "buy", "size": "5.40000000", "price": "0.20606000", "time": "2025-07-14T14:21:29.410501Z", "fetched_at": "2025-07-14T14:23:29.217334+00:00", "symbol": "DOGE-USD"}, {"trade_id": 138975755, "side": "buy", "size": "5.40000000", "price": "0.20608000", "time": "2025-07-14T14:21:29.410501Z", "fetched_at": "2025-07-14T14:23:29.217334+00:00", "symbol": "DOGE-USD"}, {"trade_id": 138975754, "side": "buy", "size": "5.40000000", "price": "0.20610000", "time": "2025-07-14T14:21:28.976994Z", "fetched_at": "2025-07-14T14:23:29.217334+00:00", "symbol": "DOGE-USD"}, {"trade_id": 138975753, "side": "buy", "size": "5.40000000", "price": "0.20612000", "time": "2025-07-14T14:21:27.939622Z", "fetched_at": "2025-07-14T14:23:29.217334+00:00", "symbol": "DOGE-USD"}, {"trade_id": 138975752, "side": "buy", "size": "5.40000000", "price": "0.20612000", "time": "2025-07-14T14:21:24.363008Z", "fetched_at": "2025-07-14T14:23:29.217334+00:00", "symbol": "DOGE-USD"}, {"trade_id": 138975751, "side": "buy", "size": "5.40000000", "price": "0.20614000", "time": "2025-07-14T14:21:24.206684Z", "fetched_at": "2025-07-14T14:23:29.217334+00:00", "symbol": "DOGE-USD"}, {"trade_id": 138975750, "side": "buy", "size": "5.40000000", "price": "0.20616000", "time": "2025-07-14T14:21:24.155305Z", "fetched_at": "2025-07-14T14:23:29.217334+00:00", "symbol": "DOGE-USD"}, {"trade_id": 138975749, "side": "buy", "size": "5.40000000", "price": "0.20618000", "time": "2025-07-14T14:21:22.868100Z", "fetched_at": "2025-07-14T14:23:29.217334+00:00", "symbol": "DOGE-USD"}, {"trade_id": 138975748, "side": "buy", "size": "17817.00000000", "price": "0.20620000", "time": "2025-07-14T14:21:22.225037Z", "fetched_at": "2025-07-14T14:23:29.217334+00:00", "symbol": "DOGE-USD"}, {"trade_id": 138975747, "side": "buy", "size": "5.40000000", "price": "0.20620000", "time": "2025-07-14T14:21:22.225037Z", "fetched_at": "2025-07-14T14:23:29.217334+00:00", "symbol": "DOGE-USD"}, {"trade_id": 138975746, "side": "buy", "size": "5.40000000", "price": "0.20624000", "time": "2025-07-14T14:21:22.058990Z", "fetched_at": "2025-07-14T14:23:29.217334+00:00", "symbol": "DOGE-USD"}, {"trade_id": 138975745, "side": "buy", "size": "248.70000000", "price": "0.20624000", "time": "2025-07-14T14:21:17.342278Z", "fetched_at": "2025-07-14T14:23:29.217334+00:00", "symbol": "DOGE-USD"}, {"trade_id": 138975744, "side": "buy", "size": "10000.00000000", "price": "0.20625000", "time": "2025-07-14T14:21:16.899266Z", "fetched_at": "2025-07-14T14:23:29.217334+00:00", "symbol": "DOGE-USD"}, {"trade_id": 138975743, "side": "sell", "size": "5.40000000", "price": "0.20630000", "time": "2025-07-14T14:21:15.598341Z", "fetched_at": "2025-07-14T14:23:29.217334+00:00", "symbol": "DOGE-USD"}, {"trade_id": 138975742, "side": "sell", "size": "5.40000000", "price": "0.20628000", "time": "2025-07-14T14:21:15.275332Z", "fetched_at": "2025-07-14T14:23:29.217334+00:00", "symbol": "DOGE-USD"}, {"trade_id": 138975741, "side": "sell", "size": "5.40000000", "price": "0.20626000", "time": "2025-07-14T14:21:15.158387Z", "fetched_at": "2025-07-14T14:23:29.217334+00:00", "symbol": "DOGE-USD"}, {"trade_id": 138975740, "side": "buy", "size": "470.10000000", "price": "0.20621000", "time": "2025-07-14T14:21:14.357456Z", "fetched_at": "2025-07-14T14:23:29.217334+00:00", "symbol": "DOGE-USD"}, {"trade_id": 138975739, "side": "buy", "size": "1564.00000000", "price": "0.20622000", "time": "2025-07-14T14:21:14.357456Z", "fetched_at": "2025-07-14T14:23:29.217334+00:00", "symbol": "DOGE-USD"}, {"trade_id": 138975738, "side": "buy", "size": "1489.40000000", "price": "0.20623000", "time": "2025-07-14T14:21:14.357456Z", "fetched_at": "2025-07-14T14:23:29.217334+00:00", "symbol": "DOGE-USD"}, {"trade_id": 138975737, "side": "buy", "size": "1476.50000000", "price": "0.20623000", "time": "2025-07-14T14:21:14.357456Z", "fetched_at": "2025-07-14T14:23:29.217334+00:00", "symbol": "DOGE-USD"}, {"trade_id": 138975736, "side": "sell", "size": "248.70000000", "price": "0.20621000", "time": "2025-07-14T14:21:11.800615Z", "fetched_at": "2025-07-14T14:23:29.217334+00:00", "symbol": "DOGE-USD"}, {"trade_id": 138975735, "side": "sell", "size": "275.00000000", "price": "0.20621000", "time": "2025-07-14T14:21:11.800615Z", "fetched_at": "2025-07-14T14:23:29.217334+00:00", "symbol": "DOGE-USD"}, {"trade_id": 138975734, "side": "sell", "size": "275.50000000", "price": "0.20621000", "time": "2025-07-14T14:21:11.800615Z", "fetched_at": "2025-07-14T14:23:29.217334+00:00", "symbol": "DOGE-USD"}, {"trade_id": 138975733, "side": "sell", "size": "101.30000000", "price": "0.20626000", "time": "2025-07-14T14:21:08.863658Z", "fetched_at": "2025-07-14T14:23:29.217334+00:00", "symbol": "DOGE-USD"}, {"trade_id": 138975732, "side": "sell", "size": "275.00000000", "price": "0.20623000", "time": "2025-07-14T14:21:07.315437Z", "fetched_at": "2025-07-14T14:23:29.217334+00:00", "symbol": "DOGE-USD"}, {"trade_id": 138975731, "side": "sell", "size": "275.00000000", "price": "0.20623000", "time": "2025-07-14T14:21:07.295805Z", "fetched_at": "2025-07-14T14:23:29.217334+00:00", "symbol": "DOGE-USD"}, {"trade_id": 138975730, "side": "sell", "size": "275.00000000", "price": "0.20626000", "time": "2025-07-14T14:21:06.596469Z", "fetched_at": "2025-07-14T14:23:29.217334+00:00", "symbol": "DOGE-USD"}, {"trade_id": 138975729, "side": "sell", "size": "275.00000000", "price": "0.20625000", "time": "2025-07-14T14:21:06.538251Z", "fetched_at": "2025-07-14T14:23:29.217334+00:00", "symbol": "DOGE-USD"}, {"trade_id": 138975728, "side": "sell", "size": "275.00000000", "price": "0.20624000", "time": "2025-07-14T14:21:06.526098Z", "fetched_at": "2025-07-14T14:23:29.217334+00:00", "symbol": "DOGE-USD"}, {"trade_id": 138975727, "side": "buy", "size": "10000.00000000", "price": "0.20627000", "time": "2025-07-14T14:21:06.418369Z", "fetched_at": "2025-07-14T14:23:29.217334+00:00", "symbol": "DOGE-USD"}, {"trade_id": 138975726, "side": "sell", "size": "275.00000000", "price": "0.20631000", "time": "2025-07-14T14:21:04.826339Z", "fetched_at": "2025-07-14T14:23:29.217334+00:00", "symbol": "DOGE-USD"}, {"trade_id": 138975725, "side": "sell", "size": "275.00000000", "price": "0.20630000", "time": "2025-07-14T14:21:04.779637Z", "fetched_at": "2025-07-14T14:23:29.217334+00:00", "symbol": "DOGE-USD"}, {"trade_id": 138975724, "side": "sell", "size": "1498.10000000", "price": "0.20632000", "time": "2025-07-14T14:21:04.717546Z", "fetched_at": "2025-07-14T14:23:29.217334+00:00", "symbol": "DOGE-USD"}, {"trade_id": 138975723, "side": "sell", "size": "1562.30000000", "price": "0.20629000", "time": "2025-07-14T14:21:04.704276Z", "fetched_at": "2025-07-14T14:23:29.217334+00:00", "symbol": "DOGE-USD"}, {"trade_id": 138975722, "side": "sell", "size": "277.60000000", "price": "0.20631000", "time": "2025-07-14T14:21:04.063557Z", "fetched_at": "2025-07-14T14:23:29.217334+00:00", "symbol": "DOGE-USD"}, {"trade_id": 138975721, "side": "sell", "size": "275.50000000", "price": "0.20631000", "time": "2025-07-14T14:21:04.063557Z", "fetched_at": "2025-07-14T14:23:29.217334+00:00", "symbol": "DOGE-USD"}, {"trade_id": 138975720, "side": "sell", "size": "275.00000000", "price": "0.20631000", "time": "2025-07-14T14:21:04.063557Z", "fetched_at": "2025-07-14T14:23:29.217334+00:00", "symbol": "DOGE-USD"}, {"trade_id": 138975719, "side": "sell", "size": "810.00000000", "price": "0.20633000", "time": "2025-07-14T14:21:04.045989Z", "fetched_at": "2025-07-14T14:23:29.217334+00:00", "symbol": "DOGE-USD"}, {"trade_id": 138975718, "side": "sell", "size": "275.50000000", "price": "0.20631000", "time": "2025-07-14T14:21:04.045989Z", "fetched_at": "2025-07-14T14:23:29.217334+00:00", "symbol": "DOGE-USD"}, {"trade_id": 138975717, "side": "sell", "size": "275.50000000", "price": "0.20630000", "time": "2025-07-14T14:21:04.045989Z", "fetched_at": "2025-07-14T14:23:29.217334+00:00", "symbol": "DOGE-USD"}, {"trade_id": 138975716, "side": "sell", "size": "275.00000000", "price": "0.20629000", "time": "2025-07-14T14:21:04.045989Z", "fetched_at": "2025-07-14T14:23:29.217334+00:00", "symbol": "DOGE-USD"}, {"trade_id": 138975715, "side": "sell", "size": "23897.20000000", "price": "0.20633000", "time": "2025-07-14T14:21:04.005248Z", "fetched_at": "2025-07-14T14:23:29.217334+00:00", "symbol": "DOGE-USD"}, {"trade_id": 138975714, "side": "sell", "size": "275.00000000", "price": "0.20632000", "time": "2025-07-14T14:21:04.005248Z", "fetched_at": "2025-07-14T14:23:29.217334+00:00", "symbol": "DOGE-USD"}, {"trade_id": 138975713, "side": "sell", "size": "275.50000000", "price": "0.20632000", "time": "2025-07-14T14:21:04.005248Z", "fetched_at": "2025-07-14T14:23:29.217334+00:00", "symbol": "DOGE-USD"}, {"trade_id": 138975712, "side": "sell", "size": "412.50000000", "price": "0.20630000", "time": "2025-07-14T14:21:04.005248Z", "fetched_at": "2025-07-14T14:23:29.217334+00:00", "symbol": "DOGE-USD"}, {"trade_id": 138975711, "side": "sell", "size": "2317.40000000", "price": "0.20632000", "time": "2025-07-14T14:21:03.988403Z", "fetched_at": "2025-07-14T14:23:29.217334+00:00", "symbol": "DOGE-USD"}, {"trade_id": 138975710, "side": "sell", "size": "4705.30000000", "price": "0.20632000", "time": "2025-07-14T14:21:03.985687Z", "fetched_at": "2025-07-14T14:23:29.217334+00:00", "symbol": "DOGE-USD"}, {"trade_id": 138975709, "side": "sell", "size": "3154.50000000", "price": "0.20632000", "time": "2025-07-14T14:21:03.985569Z", "fetched_at": "2025-07-14T14:23:29.217334+00:00", "symbol": "DOGE-USD"}, {"trade_id": 138975708, "side": "sell", "size": "5.40000000", "price": "0.20632000", "time": "2025-07-14T14:21:03.985569Z", "fetched_at": "2025-07-14T14:23:29.217334+00:00", "symbol": "DOGE-USD"}, {"trade_id": 138975707, "side": "sell", "size": "6596.50000000", "price": "0.20632000", "time": "2025-07-14T14:21:03.978053Z", "fetched_at": "2025-07-14T14:23:29.217334+00:00", "symbol": "DOGE-USD"}, {"trade_id": 138975706, "side": "sell", "size": "810.00000000", "price": "0.20632000", "time": "2025-07-14T14:21:03.978053Z", "fetched_at": "2025-07-14T14:23:29.217334+00:00", "symbol": "DOGE-USD"}, {"trade_id": 138975705, "side": "sell", "size": "1600.10000000", "price": "0.20631000", "time": "2025-07-14T14:21:03.978053Z", "fetched_at": "2025-07-14T14:23:29.217334+00:00", "symbol": "DOGE-USD"}, {"trade_id": 138975704, "side": "sell", "size": "3039.90000000", "price": "0.20631000", "time": "2025-07-14T14:21:03.975603Z", "fetched_at": "2025-07-14T14:23:29.217334+00:00", "symbol": "DOGE-USD"}, {"trade_id": 138975703, "side": "sell", "size": "810.00000000", "price": "0.20628000", "time": "2025-07-14T14:21:03.975603Z", "fetched_at": "2025-07-14T14:23:29.217334+00:00", "symbol": "DOGE-USD"}, {"trade_id": 138975702, "side": "sell", "size": "5.40000000", "price": "0.20628000", "time": "2025-07-14T14:21:03.975603Z", "fetched_at": "2025-07-14T14:23:29.217334+00:00", "symbol": "DOGE-USD"}, {"trade_id": 138975701, "side": "sell", "size": "1545.40000000", "price": "0.20626000", "time": "2025-07-14T14:21:03.970090Z", "fetched_at": "2025-07-14T14:23:29.217334+00:00", "symbol": "DOGE-USD"}, {"trade_id": 138975700, "side": "sell", "size": "5.40000000", "price": "0.20626000", "time": "2025-07-14T14:21:03.970090Z", "fetched_at": "2025-07-14T14:23:29.217334+00:00", "symbol": "DOGE-USD"}, {"trade_id": 138975699, "side": "sell", "size": "5.40000000", "price": "0.20624000", "time": "2025-07-14T14:21:03.706506Z", "fetched_at": "2025-07-14T14:23:29.217334+00:00", "symbol": "DOGE-USD"}, {"trade_id": 138975698, "side": "sell", "size": "5.40000000", "price": "0.20620000", "time": "2025-07-14T14:21:02.555664Z", "fetched_at": "2025-07-14T14:23:29.217334+00:00", "symbol": "DOGE-USD"}, {"trade_id": 138975697, "side": "sell", "size": "275.00000000", "price": "0.20619000", "time": "2025-07-14T14:21:02.536559Z", "fetched_at": "2025-07-14T14:23:29.217334+00:00", "symbol": "DOGE-USD"}, {"trade_id": 138975696, "side": "sell", "size": "5.40000000", "price": "0.20618000", "time": "2025-07-14T14:21:02.143117Z", "fetched_at": "2025-07-14T14:23:29.217334+00:00", "symbol": "DOGE-USD"}, {"trade_id": 138975695, "side": "sell", "size": "5.40000000", "price": "0.20616000", "time": "2025-07-14T14:21:02.041694Z", "fetched_at": "2025-07-14T14:23:29.217334+00:00", "symbol": "DOGE-USD"}, {"trade_id": 138975694, "side": "sell", "size": "5.40000000", "price": "0.20614000", "time": "2025-07-14T14:21:01.651282Z", "fetched_at": "2025-07-14T14:23:29.217334+00:00", "symbol": "DOGE-USD"}, {"trade_id": 138975693, "side": "sell", "size": "5.40000000", "price": "0.20612000", "time": "2025-07-14T14:21:01.515040Z", "fetched_at": "2025-07-14T14:23:29.217334+00:00", "symbol": "DOGE-USD"}, {"trade_id": 138975692, "side": "sell", "size": "5.40000000", "price": "0.20608000", "time": "2025-07-14T14:21:01.298056Z", "fetched_at": "2025-07-14T14:23:29.217334+00:00", "symbol": "DOGE-USD"}, {"trade_id": 138975691, "side": "sell", "size": "275.00000000", "price": "0.20605000", "time": "2025-07-14T14:21:00.898576Z", "fetched_at": "2025-07-14T14:23:29.217334+00:00", "symbol": "DOGE-USD"}, {"trade_id": 138975690, "side": "buy", "size": "183.00000000", "price": "0.20601000", "time": "2025-07-14T14:21:00.577603Z", "fetched_at": "2025-07-14T14:23:29.217334+00:00", "symbol": "DOGE-USD"}, {"trade_id": 138975689, "side": "sell", "size": "275.50000000", "price": "0.20606000", "time": "2025-07-14T14:21:00.573629Z", "fetched_at": "2025-07-14T14:23:29.217334+00:00", "symbol": "DOGE-USD"}, {"trade_id": 138975688, "side": "sell", "size": "275.00000000", "price": "0.20602000", "time": "2025-07-14T14:21:00.573629Z", "fetched_at": "2025-07-14T14:23:29.217334+00:00", "symbol": "DOGE-USD"}, {"trade_id": 138975687, "side": "sell", "size": "863.10000000", "price": "0.20607000", "time": "2025-07-14T14:21:00.550400Z", "fetched_at": "2025-07-14T14:23:29.217334+00:00", "symbol": "DOGE-USD"}, {"trade_id": 138975686, "side": "sell", "size": "4144.40000000", "price": "0.20607000", "time": "2025-07-14T14:21:00.550400Z", "fetched_at": "2025-07-14T14:23:29.217334+00:00", "symbol": "DOGE-USD"}, {"trade_id": 138975685, "side": "sell", "size": "275.50000000", "price": "0.20604000", "time": "2025-07-14T14:21:00.550400Z", "fetched_at": "2025-07-14T14:23:29.217334+00:00", "symbol": "DOGE-USD"}, {"trade_id": 138975684, "side": "sell", "size": "275.00000000", "price": "0.20600000", "time": "2025-07-14T14:21:00.550400Z", "fetched_at": "2025-07-14T14:23:29.217334+00:00", "symbol": "DOGE-USD"}, {"trade_id": 138975683, "side": "sell", "size": "2500.00000000", "price": "0.20606000", "time": "2025-07-14T14:21:00.539155Z", "fetched_at": "2025-07-14T14:23:29.217334+00:00", "symbol": "DOGE-USD"}, {"trade_id": 138975682, "side": "sell", "size": "2500.00000000", "price": "0.20605000", "time": "2025-07-14T14:21:00.536862Z", "fetched_at": "2025-07-14T14:23:29.217334+00:00", "symbol": "DOGE-USD"}, {"trade_id": 138975681, "side": "sell", "size": "2624.20000000", "price": "0.20605000", "time": "2025-07-14T14:21:00.536862Z", "fetched_at": "2025-07-14T14:23:29.217334+00:00", "symbol": "DOGE-USD"}, {"trade_id": 138975680, "side": "sell", "size": "2936.20000000", "price": "0.20605000", "time": "2025-07-14T14:21:00.536509Z", "fetched_at": "2025-07-14T14:23:29.217334+00:00", "symbol": "DOGE-USD"}, {"trade_id": 138975679, "side": "sell", "size": "275.50000000", "price": "0.20602000", "time": "2025-07-14T14:21:00.536509Z", "fetched_at": "2025-07-14T14:23:29.217334+00:00", "symbol": "DOGE-USD"}, {"trade_id": 138975678, "side": "sell", "size": "19299.80000000", "price": "0.20605000", "time": "2025-07-14T14:21:00.533468Z", "fetched_at": "2025-07-14T14:23:29.217334+00:00", "symbol": "DOGE-USD"}, {"trade_id": 138975677, "side": "sell", "size": "4144.60000000", "price": "0.20605000", "time": "2025-07-14T14:21:00.533468Z", "fetched_at": "2025-07-14T14:23:29.217334+00:00", "symbol": "DOGE-USD"}, {"trade_id": 138975676, "side": "sell", "size": "2913.10000000", "price": "0.20603000", "time": "2025-07-14T14:21:00.533468Z", "fetched_at": "2025-07-14T14:23:29.217334+00:00", "symbol": "DOGE-USD"}, {"trade_id": 138975675, "side": "sell", "size": "275.50000000", "price": "0.20601000", "time": "2025-07-14T14:21:00.533468Z", "fetched_at": "2025-07-14T14:23:29.217334+00:00", "symbol": "DOGE-USD"}, {"trade_id": 138975674, "side": "sell", "size": "275.00000000", "price": "0.20598000", "time": "2025-07-14T14:21:00.533468Z", "fetched_at": "2025-07-14T14:23:29.217334+00:00", "symbol": "DOGE-USD"}, {"trade_id": 138975673, "side": "sell", "size": "3443.00000000", "price": "0.20604000", "time": "2025-07-14T14:21:00.526874Z", "fetched_at": "2025-07-14T14:23:29.217334+00:00", "symbol": "DOGE-USD"}, {"trade_id": 138975672, "side": "sell", "size": "3445.60000000", "price": "0.20604000", "time": "2025-07-14T14:21:00.526874Z", "fetched_at": "2025-07-14T14:23:29.217334+00:00", "symbol": "DOGE-USD"}, {"trade_id": 138975671, "side": "sell", "size": "10000.00000000", "price": "0.20604000", "time": "2025-07-14T14:21:00.526874Z", "fetched_at": "2025-07-14T14:23:29.217334+00:00", "symbol": "DOGE-USD"}, {"trade_id": 138975670, "side": "sell", "size": "14916.10000000", "price": "0.20604000", "time": "2025-07-14T14:21:00.526874Z", "fetched_at": "2025-07-14T14:23:29.217334+00:00", "symbol": "DOGE-USD"}, {"trade_id": 138975669, "side": "sell", "size": "6907.20000000", "price": "0.20604000", "time": "2025-07-14T14:21:00.526874Z", "fetched_at": "2025-07-14T14:23:29.217334+00:00", "symbol": "DOGE-USD"}, {"trade_id": 138975668, "side": "sell", "size": "5.40000000", "price": "0.20604000", "time": "2025-07-14T14:21:00.526874Z", "fetched_at": "2025-07-14T14:23:29.217334+00:00", "symbol": "DOGE-USD"}, {"trade_id": 138975667, "side": "sell", "size": "810.00000000", "price": "0.20604000", "time": "2025-07-14T14:21:00.526874Z", "fetched_at": "2025-07-14T14:23:29.217334+00:00", "symbol": "DOGE-USD"}, {"trade_id": 138975666, "side": "sell", "size": "9937.60000000", "price": "0.20603000", "time": "2025-07-14T14:21:00.526407Z", "fetched_at": "2025-07-14T14:23:29.217334+00:00", "symbol": "DOGE-USD"}, {"trade_id": 138975665, "side": "sell", "size": "6133.60000000", "price": "0.20603000", "time": "2025-07-14T14:21:00.526407Z", "fetched_at": "2025-07-14T14:23:29.217334+00:00", "symbol": "DOGE-USD"}, {"trade_id": 138975664, "side": "sell", "size": "5.40000000", "price": "0.20602000", "time": "2025-07-14T14:21:00.525664Z", "fetched_at": "2025-07-14T14:23:29.217334+00:00", "symbol": "DOGE-USD"}, {"trade_id": 138975663, "side": "sell", "size": "810.00000000", "price": "0.20601000", "time": "2025-07-14T14:21:00.524442Z", "fetched_at": "2025-07-14T14:23:29.217334+00:00", "symbol": "DOGE-USD"}, {"trade_id": 138975662, "side": "sell", "size": "6158.80000000", "price": "0.20601000", "time": "2025-07-14T14:21:00.524442Z", "fetched_at": "2025-07-14T14:23:29.217334+00:00", "symbol": "DOGE-USD"}, {"trade_id": 138975661, "side": "sell", "size": "5.40000000", "price": "0.20600000", "time": "2025-07-14T14:21:00.524442Z", "fetched_at": "2025-07-14T14:23:29.217334+00:00", "symbol": "DOGE-USD"}, {"trade_id": 138975660, "side": "sell", "size": "275.00000000", "price": "0.20598000", "time": "2025-07-14T14:21:00.522128Z", "fetched_at": "2025-07-14T14:23:29.217334+00:00", "symbol": "DOGE-USD"}, {"trade_id": 138975659, "side": "sell", "size": "275.00000000", "price": "0.20594000", "time": "2025-07-14T14:21:00.135034Z", "fetched_at": "2025-07-14T14:23:29.217334+00:00", "symbol": "DOGE-USD"}, {"trade_id": 138975658, "side": "sell", "size": "275.00000000", "price": "0.20595000", "time": "2025-07-14T14:21:00.118293Z", "fetched_at": "2025-07-14T14:23:29.217334+00:00", "symbol": "DOGE-USD"}, {"trade_id": 138975657, "side": "buy", "size": "9.70000000", "price": "0.20591000", "time": "2025-07-14T14:20:59.729921Z", "fetched_at": "2025-07-14T14:23:29.217334+00:00", "symbol": "DOGE-USD"}, {"trade_id": 138975656, "side": "sell", "size": "275.00000000", "price": "0.20591000", "time": "2025-07-14T14:20:59.562090Z", "fetched_at": "2025-07-14T14:23:29.217334+00:00", "symbol": "DOGE-USD"}, {"trade_id": 138975655, "side": "sell", "size": "810.00000000", "price": "0.20591000", "time": "2025-07-14T14:20:59.276779Z", "fetched_at": "2025-07-14T14:23:29.217334+00:00", "symbol": "DOGE-USD"}, {"trade_id": 138975654, "side": "sell", "size": "275.00000000", "price": "0.20591000", "time": "2025-07-14T14:20:59.276779Z", "fetched_at": "2025-07-14T14:23:29.217334+00:00", "symbol": "DOGE-USD"}, {"trade_id": 138975653, "side": "sell", "size": "275.00000000", "price": "0.20591000", "time": "2025-07-14T14:20:57.511823Z", "fetched_at": "2025-07-14T14:23:29.217334+00:00", "symbol": "DOGE-USD"}, {"trade_id": 138975652, "side": "sell", "size": "275.00000000", "price": "0.20593000", "time": "2025-07-14T14:20:57.414311Z", "fetched_at": "2025-07-14T14:23:29.217334+00:00", "symbol": "DOGE-USD"}, {"trade_id": 138975651, "side": "sell", "size": "275.00000000", "price": "0.20592000", "time": "2025-07-14T14:20:56.836293Z", "fetched_at": "2025-07-14T14:23:29.217334+00:00", "symbol": "DOGE-USD"}, {"trade_id": 138975650, "side": "sell", "size": "275.00000000", "price": "0.20591000", "time": "2025-07-14T14:20:56.729664Z", "fetched_at": "2025-07-14T14:23:29.217334+00:00", "symbol": "DOGE-USD"}, {"trade_id": 138975649, "side": "sell", "size": "275.00000000", "price": "0.20591000", "time": "2025-07-14T14:20:56.616054Z", "fetched_at": "2025-07-14T14:23:29.217334+00:00", "symbol": "DOGE-USD"}, {"trade_id": 138975648, "side": "sell", "size": "275.00000000", "price": "0.20591000", "time": "2025-07-14T14:20:56.509777Z", "fetched_at": "2025-07-14T14:23:29.217334+00:00", "symbol": "DOGE-USD"}, {"trade_id": 138975647, "side": "sell", "size": "275.00000000", "price": "0.20592000", "time": "2025-07-14T14:20:56.394073Z", "fetched_at": "2025-07-14T14:23:29.217334+00:00", "symbol": "DOGE-USD"}, {"trade_id": 138975646, "side": "buy", "size": "39.10000000", "price": "0.20592000", "time": "2025-07-14T14:20:55.988457Z", "fetched_at": "2025-07-14T14:23:29.217334+00:00", "symbol": "DOGE-USD"}, {"trade_id": 138975645, "side": "sell", "size": "275.00000000", "price": "0.20592000", "time": "2025-07-14T14:20:55.835607Z", "fetched_at": "2025-07-14T14:23:29.217334+00:00", "symbol": "DOGE-USD"}, {"trade_id": 138975644, "side": "sell", "size": "275.00000000", "price": "0.20593000", "time": "2025-07-14T14:20:55.717203Z", "fetched_at": "2025-07-14T14:23:29.217334+00:00", "symbol": "DOGE-USD"}, {"trade_id": 138975643, "side": "sell", "size": "275.00000000", "price": "0.20593000", "time": "2025-07-14T14:20:55.566238Z", "fetched_at": "2025-07-14T14:23:29.217334+00:00", "symbol": "DOGE-USD"}, {"trade_id": 138975642, "side": "sell", "size": "275.00000000", "price": "0.20592000", "time": "2025-07-14T14:20:55.517078Z", "fetched_at": "2025-07-14T14:23:29.217334+00:00", "symbol": "DOGE-USD"}, {"trade_id": 138975641, "side": "sell", "size": "275.00000000", "price": "0.20591000", "time": "2025-07-14T14:20:55.328618Z", "fetched_at": "2025-07-14T14:23:29.217334+00:00", "symbol": "DOGE-USD"}, {"trade_id": 138975640, "side": "sell", "size": "275.00000000", "price": "0.20593000", "time": "2025-07-14T14:20:55.113121Z", "fetched_at": "2025-07-14T14:23:29.217334+00:00", "symbol": "DOGE-USD"}, {"trade_id": 138975639, "side": "sell", "size": "275.00000000", "price": "0.20591000", "time": "2025-07-14T14:20:54.999655Z", "fetched_at": "2025-07-14T14:23:29.217334+00:00", "symbol": "DOGE-USD"}, {"trade_id": 138975638, "side": "sell", "size": "275.00000000", "price": "0.20592000", "time": "2025-07-14T14:20:54.988930Z", "fetched_at": "2025-07-14T14:23:29.217334+00:00", "symbol": "DOGE-USD"}, {"trade_id": 138975637, "side": "sell", "size": "275.00000000", "price": "0.20591000", "time": "2025-07-14T14:20:54.974753Z", "fetched_at": "2025-07-14T14:23:29.217334+00:00", "symbol": "DOGE-USD"}, {"trade_id": 138975636, "side": "sell", "size": "275.00000000", "price": "0.20592000", "time": "2025-07-14T14:20:54.962388Z", "fetched_at": "2025-07-14T14:23:29.217334+00:00", "symbol": "DOGE-USD"}, {"trade_id": 138975635, "side": "sell", "size": "275.00000000", "price": "0.20592000", "time": "2025-07-14T14:20:54.948370Z", "fetched_at": "2025-07-14T14:23:29.217334+00:00", "symbol": "DOGE-USD"}, {"trade_id": 138975634, "side": "sell", "size": "275.00000000", "price": "0.20591000", "time": "2025-07-14T14:20:54.927472Z", "fetched_at": "2025-07-14T14:23:29.217334+00:00", "symbol": "DOGE-USD"}, {"trade_id": 138975633, "side": "sell", "size": "275.00000000", "price": "0.20591000", "time": "2025-07-14T14:20:54.892112Z", "fetched_at": "2025-07-14T14:23:29.217334+00:00", "symbol": "DOGE-USD"}, {"trade_id": 138975632, "side": "sell", "size": "275.00000000", "price": "0.20592000", "time": "2025-07-14T14:20:54.872834Z", "fetched_at": "2025-07-14T14:23:29.217334+00:00", "symbol": "DOGE-USD"}, {"trade_id": 138975631, "side": "sell", "size": "275.00000000", "price": "0.20592000", "time": "2025-07-14T14:20:54.833773Z", "fetched_at": "2025-07-14T14:23:29.217334+00:00", "symbol": "DOGE-USD"}, {"trade_id": 138975630, "side": "sell", "size": "275.00000000", "price": "0.20592000", "time": "2025-07-14T14:20:54.773107Z", "fetched_at": "2025-07-14T14:23:29.217334+00:00", "symbol": "DOGE-USD"}, {"trade_id": 138975629, "side": "sell", "size": "275.00000000", "price": "0.20592000", "time": "2025-07-14T14:20:54.474514Z", "fetched_at": "2025-07-14T14:23:29.217334+00:00", "symbol": "DOGE-USD"}, {"trade_id": 138975628, "side": "buy", "size": "2.80000000", "price": "0.20591000", "time": "2025-07-14T14:20:54.467500Z", "fetched_at": "2025-07-14T14:23:29.217334+00:00", "symbol": "DOGE-USD"}, {"trade_id": 138975627, "side": "buy", "size": "5.40000000", "price": "0.20592000", "time": "2025-07-14T14:20:54.467500Z", "fetched_at": "2025-07-14T14:23:29.217334+00:00", "symbol": "DOGE-USD"}, {"trade_id": 138975626, "side": "sell", "size": "275.00000000", "price": "0.20593000", "time": "2025-07-14T14:20:54.439275Z", "fetched_at": "2025-07-14T14:23:29.217334+00:00", "symbol": "DOGE-USD"}, {"trade_id": 138975625, "side": "sell", "size": "275.50000000", "price": "0.20593000", "time": "2025-07-14T14:20:54.389934Z", "fetched_at": "2025-07-14T14:23:29.217334+00:00", "symbol": "DOGE-USD"}, {"trade_id": 138975624, "side": "sell", "size": "275.00000000", "price": "0.20593000", "time": "2025-07-14T14:20:54.389934Z", "fetched_at": "2025-07-14T14:23:29.217334+00:00", "symbol": "DOGE-USD"}, {"trade_id": 138975623, "side": "sell", "size": "275.50000000", "price": "0.20593000", "time": "2025-07-14T14:20:54.285427Z", "fetched_at": "2025-07-14T14:23:29.217334+00:00", "symbol": "DOGE-USD"}, {"trade_id": 138975622, "side": "sell", "size": "275.00000000", "price": "0.20593000", "time": "2025-07-14T14:20:54.285427Z", "fetched_at": "2025-07-14T14:23:29.217334+00:00", "symbol": "DOGE-USD"}, {"trade_id": 138975621, "side": "sell", "size": "275.00000000", "price": "0.20593000", "time": "2025-07-14T14:20:54.259020Z", "fetched_at": "2025-07-14T14:23:29.217334+00:00", "symbol": "DOGE-USD"}, {"trade_id": 138975620, "side": "sell", "size": "275.00000000", "price": "0.20593000", "time": "2025-07-14T14:20:54.239791Z", "fetched_at": "2025-07-14T14:23:29.217334+00:00", "symbol": "DOGE-USD"}, {"trade_id": 138975619, "side": "sell", "size": "275.00000000", "price": "0.20593000", "time": "2025-07-14T14:20:54.169044Z", "fetched_at": "2025-07-14T14:23:29.217334+00:00", "symbol": "DOGE-USD"}, {"trade_id": 138975618, "side": "sell", "size": "275.00000000", "price": "0.20593000", "time": "2025-07-14T14:20:54.144945Z", "fetched_at": "2025-07-14T14:23:29.217334+00:00", "symbol": "DOGE-USD"}, {"trade_id": 138975617, "side": "sell", "size": "789.70000000", "price": "0.20593000", "time": "2025-07-14T14:20:54.106363Z", "fetched_at": "2025-07-14T14:23:29.217334+00:00", "symbol": "DOGE-USD"}, {"trade_id": 138975616, "side": "buy", "size": "5.40000000", "price": "0.20594000", "time": "2025-07-14T14:20:53.341475Z", "fetched_at": "2025-07-14T14:23:29.217334+00:00", "symbol": "DOGE-USD"}, {"trade_id": 138975615, "side": "sell", "size": "275.00000000", "price": "0.20595000", "time": "2025-07-14T14:20:50.005682Z", "fetched_at": "2025-07-14T14:23:29.217334+00:00", "symbol": "DOGE-USD"}, {"trade_id": 138975614, "side": "sell", "size": "275.00000000", "price": "0.20595000", "time": "2025-07-14T14:20:49.986786Z", "fetched_at": "2025-07-14T14:23:29.217334+00:00", "symbol": "DOGE-USD"}, {"trade_id": 138975613, "side": "sell", "size": "275.00000000", "price": "0.20595000", "time": "2025-07-14T14:20:49.928829Z", "fetched_at": "2025-07-14T14:23:29.217334+00:00", "symbol": "DOGE-USD"}, {"trade_id": 138975612, "side": "sell", "size": "275.00000000", "price": "0.20595000", "time": "2025-07-14T14:20:49.897762Z", "fetched_at": "2025-07-14T14:23:29.217334+00:00", "symbol": "DOGE-USD"}, {"trade_id": 138975611, "side": "sell", "size": "275.00000000", "price": "0.20595000", "time": "2025-07-14T14:20:49.874263Z", "fetched_at": "2025-07-14T14:23:29.217334+00:00", "symbol": "DOGE-USD"}, {"trade_id": 138975610, "side": "buy", "size": "722.60000000", "price": "0.20596000", "time": "2025-07-14T14:20:49.760398Z", "fetched_at": "2025-07-14T14:23:29.217334+00:00", "symbol": "DOGE-USD"}, {"trade_id": 138975609, "side": "buy", "size": "5.20000000", "price": "0.20596000", "time": "2025-07-14T14:20:49.760398Z", "fetched_at": "2025-07-14T14:23:29.217334+00:00", "symbol": "DOGE-USD"}, {"trade_id": 138975608, "side": "buy", "size": "5.40000000", "price": "0.20598000", "time": "2025-07-14T14:20:49.248356Z", "fetched_at": "2025-07-14T14:23:29.217334+00:00", "symbol": "DOGE-USD"}, {"trade_id": 138975607, "side": "sell", "size": "94.30000000", "price": "0.20599000", "time": "2025-07-14T14:20:47.894873Z", "fetched_at": "2025-07-14T14:23:29.217334+00:00", "symbol": "DOGE-USD"}, {"trade_id": 138975606, "side": "sell", "size": "75.00000000", "price": "0.20600000", "time": "2025-07-14T14:20:47.357013Z", "fetched_at": "2025-07-14T14:23:29.217334+00:00", "symbol": "DOGE-USD"}, {"trade_id": 138975605, "side": "sell", "size": "1558.40000000", "price": "0.20599000", "time": "2025-07-14T14:20:47.357013Z", "fetched_at": "2025-07-14T14:23:29.217334+00:00", "symbol": "DOGE-USD"}, {"trade_id": 138975604, "side": "sell", "size": "1383.30000000", "price": "0.20599000", "time": "2025-07-14T14:20:47.357013Z", "fetched_at": "2025-07-14T14:23:29.217334+00:00", "symbol": "DOGE-USD"}, {"trade_id": 138975603, "side": "sell", "size": "810.00000000", "price": "0.20599000", "time": "2025-07-14T14:20:47.357013Z", "fetched_at": "2025-07-14T14:23:29.217334+00:00", "symbol": "DOGE-USD"}, {"trade_id": 138975602, "side": "sell", "size": "277.60000000", "price": "0.20599000", "time": "2025-07-14T14:20:47.357013Z", "fetched_at": "2025-07-14T14:23:29.217334+00:00", "symbol": "DOGE-USD"}, {"trade_id": 138975601, "side": "sell", "size": "183.00000000", "price": "0.20599000", "time": "2025-07-14T14:20:47.357013Z", "fetched_at": "2025-07-14T14:23:29.217334+00:00", "symbol": "DOGE-USD"}, {"trade_id": 138975600, "side": "sell", "size": "275.00000000", "price": "0.20599000", "time": "2025-07-14T14:20:47.357013Z", "fetched_at": "2025-07-14T14:23:29.217334+00:00", "symbol": "DOGE-USD"}, {"trade_id": 138975599, "side": "sell", "size": "275.50000000", "price": "0.20599000", "time": "2025-07-14T14:20:47.357013Z", "fetched_at": "2025-07-14T14:23:29.217334+00:00", "symbol": "DOGE-USD"}, {"trade_id": 138975598, "side": "buy", "size": "5.40000000", "price": "0.20600000", "time": "2025-07-14T14:20:46.576550Z", "fetched_at": "2025-07-14T14:23:29.217334+00:00", "symbol": "DOGE-USD"}, {"trade_id": 138975597, "side": "sell", "size": "275.00000000", "price": "0.20604000", "time": "2025-07-14T14:20:45.817282Z", "fetched_at": "2025-07-14T14:23:29.217334+00:00", "symbol": "DOGE-USD"}, {"trade_id": 138975596, "side": "sell", "size": "275.00000000", "price": "0.20604000", "time": "2025-07-14T14:20:45.804830Z", "fetched_at": "2025-07-14T14:23:29.217334+00:00", "symbol": "DOGE-USD"}, {"trade_id": 138975595, "side": "buy", "size": "48.50000000", "price": "0.20607000", "time": "2025-07-14T14:20:45.252607Z", "fetched_at": "2025-07-14T14:23:29.217334+00:00", "symbol": "DOGE-USD"}, {"trade_id": 138975594, "side": "sell", "size": "275.50000000", "price": "0.20609000", "time": "2025-07-14T14:20:44.489813Z", "fetched_at": "2025-07-14T14:23:29.217334+00:00", "symbol": "DOGE-USD"}, {"trade_id": 138975593, "side": "sell", "size": "5.40000000", "price": "0.20612000", "time": "2025-07-14T14:20:44.071168Z", "fetched_at": "2025-07-14T14:23:29.217334+00:00", "symbol": "DOGE-USD"}, {"trade_id": 138975592, "side": "sell", "size": "5.40000000", "price": "0.20610000", "time": "2025-07-14T14:20:43.968694Z", "fetched_at": "2025-07-14T14:23:29.217334+00:00", "symbol": "DOGE-USD"}, {"trade_id": 138975591, "side": "sell", "size": "275.00000000", "price": "0.20603000", "time": "2025-07-14T14:20:42.785748Z", "fetched_at": "2025-07-14T14:23:29.217334+00:00", "symbol": "DOGE-USD"}, {"trade_id": 138975590, "side": "sell", "size": "275.50000000", "price": "0.20603000", "time": "2025-07-14T14:20:42.785748Z", "fetched_at": "2025-07-14T14:23:29.217334+00:00", "symbol": "DOGE-USD"}, {"trade_id": 138975589, "side": "sell", "size": "275.00000000", "price": "0.20606000", "time": "2025-07-14T14:20:42.528135Z", "fetched_at": "2025-07-14T14:23:29.217334+00:00", "symbol": "DOGE-USD"}, {"trade_id": 138975588, "side": "sell", "size": "24.00000000", "price": "0.20603000", "time": "2025-07-14T14:20:41.573829Z", "fetched_at": "2025-07-14T14:23:29.217334+00:00", "symbol": "DOGE-USD"}, {"trade_id": 138975587, "side": "sell", "size": "1363.70000000", "price": "0.20613000", "time": "2025-07-14T14:20:40.862192Z", "fetched_at": "2025-07-14T14:23:29.217334+00:00", "symbol": "DOGE-USD"}, {"trade_id": 138975586, "side": "sell", "size": "810.00000000", "price": "0.20612000", "time": "2025-07-14T14:20:40.862192Z", "fetched_at": "2025-07-14T14:23:29.217334+00:00", "symbol": "DOGE-USD"}, {"trade_id": 138975585, "side": "sell", "size": "5.40000000", "price": "0.20612000", "time": "2025-07-14T14:20:40.862192Z", "fetched_at": "2025-07-14T14:23:29.217334+00:00", "symbol": "DOGE-USD"}, {"trade_id": 138975584, "side": "sell", "size": "1342.20000000", "price": "0.20609000", "time": "2025-07-14T14:20:40.862192Z", "fetched_at": "2025-07-14T14:23:29.217334+00:00", "symbol": "DOGE-USD"}, {"trade_id": 138975583, "side": "sell", "size": "810.00000000", "price": "0.20609000", "time": "2025-07-14T14:20:40.862192Z", "fetched_at": "2025-07-14T14:23:29.217334+00:00", "symbol": "DOGE-USD"}, {"trade_id": 138975582, "side": "sell", "size": "1452.00000000", "price": "0.20609000", "time": "2025-07-14T14:20:40.862192Z", "fetched_at": "2025-07-14T14:23:29.217334+00:00", "symbol": "DOGE-USD"}, {"trade_id": 138975581, "side": "sell", "size": "810.00000000", "price": "0.20606000", "time": "2025-07-14T14:20:40.862192Z", "fetched_at": "2025-07-14T14:23:29.217334+00:00", "symbol": "DOGE-USD"}, {"trade_id": 138975580, "side": "sell", "size": "275.50000000", "price": "0.20606000", "time": "2025-07-14T14:20:40.862192Z", "fetched_at": "2025-07-14T14:23:29.217334+00:00", "symbol": "DOGE-USD"}, {"trade_id": 138975579, "side": "sell", "size": "275.00000000", "price": "0.20606000", "time": "2025-07-14T14:20:40.862192Z", "fetched_at": "2025-07-14T14:23:29.217334+00:00", "symbol": "DOGE-USD"}, {"trade_id": 138975578, "side": "sell", "size": "275.50000000", "price": "0.20607000", "time": "2025-07-14T14:20:40.800679Z", "fetched_at": "2025-07-14T14:23:29.217334+00:00", "symbol": "DOGE-USD"}, {"trade_id": 138975577, "side": "sell", "size": "810.00000000", "price": "0.20611000", "time": "2025-07-14T14:20:40.456929Z", "fetched_at": "2025-07-14T14:23:29.217334+00:00", "symbol": "DOGE-USD"}, {"trade_id": 138975576, "side": "sell", "size": "810.00000000", "price": "0.20609000", "time": "2025-07-14T14:20:40.456929Z", "fetched_at": "2025-07-14T14:23:29.217334+00:00", "symbol": "DOGE-USD"}, {"trade_id": 138975575, "side": "sell", "size": "5.40000000", "price": "0.20608000", "time": "2025-07-14T14:20:40.456929Z", "fetched_at": "2025-07-14T14:23:29.217334+00:00", "symbol": "DOGE-USD"}, {"trade_id": 138975574, "side": "sell", "size": "5.40000000", "price": "0.20606000", "time": "2025-07-14T14:20:40.450995Z", "fetched_at": "2025-07-14T14:23:29.217334+00:00", "symbol": "DOGE-USD"}, {"trade_id": 138975573, "side": "buy", "size": "0.20000000", "price": "0.20596000", "time": "2025-07-14T14:20:39.239061Z", "fetched_at": "2025-07-14T14:23:29.217334+00:00", "symbol": "DOGE-USD"}, {"trade_id": 138975572, "side": "buy", "size": "5.40000000", "price": "0.20598000", "time": "2025-07-14T14:20:39.177548Z", "fetched_at": "2025-07-14T14:23:29.217334+00:00", "symbol": "DOGE-USD"}, {"trade_id": 138975571, "side": "buy", "size": "5.40000000", "price": "0.20600000", "time": "2025-07-14T14:20:38.997821Z", "fetched_at": "2025-07-14T14:23:29.217334+00:00", "symbol": "DOGE-USD"}, {"trade_id": 138975570, "side": "buy", "size": "48466.00000000", "price": "0.20600000", "time": "2025-07-14T14:20:38.997821Z", "fetched_at": "2025-07-14T14:23:29.217334+00:00", "symbol": "DOGE-USD"}, {"trade_id": 138975569, "side": "buy", "size": "5.40000000", "price": "0.20602000", "time": "2025-07-14T14:20:36.285367Z", "fetched_at": "2025-07-14T14:23:29.217334+00:00", "symbol": "DOGE-USD"}, {"trade_id": 138975568, "side": "buy", "size": "5.40000000", "price": "0.20604000", "time": "2025-07-14T14:20:36.264090Z", "fetched_at": "2025-07-14T14:23:29.217334+00:00", "symbol": "DOGE-USD"}, {"trade_id": 138975567, "side": "buy", "size": "5.40000000", "price": "0.20606000", "time": "2025-07-14T14:20:35.938780Z", "fetched_at": "2025-07-14T14:23:29.217334+00:00", "symbol": "DOGE-USD"}, {"trade_id": 138975566, "side": "buy", "size": "5.40000000", "price": "0.20608000", "time": "2025-07-14T14:20:34.597199Z", "fetched_at": "2025-07-14T14:23:29.217334+00:00", "symbol": "DOGE-USD"}, {"trade_id": 138975565, "side": "sell", "size": "2284.80000000", "price": "0.20613000", "time": "2025-07-14T14:20:34.230204Z", "fetched_at": "2025-07-14T14:23:29.217334+00:00", "symbol": "DOGE-USD"}, {"trade_id": 138975564, "side": "sell", "size": "1378.90000000", "price": "0.20613000", "time": "2025-07-14T14:20:34.230204Z", "fetched_at": "2025-07-14T14:23:29.217334+00:00", "symbol": "DOGE-USD"}, {"trade_id": 138975563, "side": "sell", "size": "810.00000000", "price": "0.20613000", "time": "2025-07-14T14:20:34.230204Z", "fetched_at": "2025-07-14T14:23:29.217334+00:00", "symbol": "DOGE-USD"}, {"trade_id": 138975562, "side": "sell", "size": "3384.70000000", "price": "0.20612000", "time": "2025-07-14T14:20:34.230204Z", "fetched_at": "2025-07-14T14:23:29.217334+00:00", "symbol": "DOGE-USD"}, {"trade_id": 138975561, "side": "sell", "size": "5450.90000000", "price": "0.20612000", "time": "2025-07-14T14:20:34.230204Z", "fetched_at": "2025-07-14T14:23:29.217334+00:00", "symbol": "DOGE-USD"}, {"trade_id": 138975560, "side": "sell", "size": "810.00000000", "price": "0.20611000", "time": "2025-07-14T14:20:34.230204Z", "fetched_at": "2025-07-14T14:23:29.217334+00:00", "symbol": "DOGE-USD"}, {"trade_id": 138975559, "side": "buy", "size": "5.40000000", "price": "0.20610000", "time": "2025-07-14T14:20:33.503146Z", "fetched_at": "2025-07-14T14:23:29.217334+00:00", "symbol": "DOGE-USD"}, {"trade_id": 138975558, "side": "sell", "size": "58.80000000", "price": "0.20611000", "time": "2025-07-14T14:20:33.103826Z", "fetched_at": "2025-07-14T14:23:29.217334+00:00", "symbol": "DOGE-USD"}, {"trade_id": 138975557, "side": "sell", "size": "183.00000000", "price": "0.20611000", "time": "2025-07-14T14:20:33.103826Z", "fetched_at": "2025-07-14T14:23:29.217334+00:00", "symbol": "DOGE-USD"}, {"trade_id": 138975556, "side": "buy", "size": "5.40000000", "price": "0.20612000", "time": "2025-07-14T14:20:32.875154Z", "fetched_at": "2025-07-14T14:23:29.217334+00:00", "symbol": "DOGE-USD"}, {"trade_id": 138975555, "side": "sell", "size": "20.00000000", "price": "0.20613000", "time": "2025-07-14T14:20:31.198170Z", "fetched_at": "2025-07-14T14:23:29.217334+00:00", "symbol": "DOGE-USD"}, {"trade_id": 138975554, "side": "buy", "size": "5.40000000", "price": "0.20614000", "time": "2025-07-14T14:20:31.072318Z", "fetched_at": "2025-07-14T14:23:29.217334+00:00", "symbol": "DOGE-USD"}, {"trade_id": 138975553, "side": "buy", "size": "6802.00000000", "price": "0.20614000", "time": "2025-07-14T14:20:31.072318Z", "fetched_at": "2025-07-14T14:23:29.217334+00:00", "symbol": "DOGE-USD"}, {"trade_id": 138975552, "side": "buy", "size": "4930.80000000", "price": "0.20615000", "time": "2025-07-14T14:20:30.951867Z", "fetched_at": "2025-07-14T14:23:29.217334+00:00", "symbol": "DOGE-USD"}, {"trade_id": 138975551, "side": "buy", "size": "5.40000000", "price": "0.20616000", "time": "2025-07-14T14:20:30.951867Z", "fetched_at": "2025-07-14T14:23:29.217334+00:00", "symbol": "DOGE-USD"}, {"trade_id": 138975550, "side": "buy", "size": "5.40000000", "price": "0.20618000", "time": "2025-07-14T14:20:30.943835Z", "fetched_at": "2025-07-14T14:23:29.217334+00:00", "symbol": "DOGE-USD"}, {"trade_id": 138975549, "side": "buy", "size": "1380.60000000", "price": "0.20619000", "time": "2025-07-14T14:20:30.938285Z", "fetched_at": "2025-07-14T14:23:29.217334+00:00", "symbol": "DOGE-USD"}, {"trade_id": 138975548, "side": "buy", "size": "5.40000000", "price": "0.20620000", "time": "2025-07-14T14:20:30.930074Z", "fetched_at": "2025-07-14T14:23:29.217334+00:00", "symbol": "DOGE-USD"}, {"trade_id": 138975547, "side": "sell", "size": "5.40000000", "price": "0.20624000", "time": "2025-07-14T14:20:29.145004Z", "fetched_at": "2025-07-14T14:23:29.217334+00:00", "symbol": "DOGE-USD"}, {"trade_id": 138975546, "side": "sell", "size": "4891.40000000", "price": "0.20624000", "time": "2025-07-14T14:20:26.741142Z", "fetched_at": "2025-07-14T14:23:29.217334+00:00", "symbol": "DOGE-USD"}, {"trade_id": 138975545, "side": "sell", "size": "2554.30000000", "price": "0.20624000", "time": "2025-07-14T14:20:26.741142Z", "fetched_at": "2025-07-14T14:23:29.217334+00:00", "symbol": "DOGE-USD"}, {"trade_id": 138975544, "side": "sell", "size": "4151.00000000", "price": "0.20623000", "time": "2025-07-14T14:20:26.741142Z", "fetched_at": "2025-07-14T14:23:29.217334+00:00", "symbol": "DOGE-USD"}, {"trade_id": 138975543, "side": "sell", "size": "1506.10000000", "price": "0.20621000", "time": "2025-07-14T14:20:26.741142Z", "fetched_at": "2025-07-14T14:23:29.217334+00:00", "symbol": "DOGE-USD"}, {"trade_id": 138975542, "side": "sell", "size": "1287.70000000", "price": "0.20621000", "time": "2025-07-14T14:20:26.741142Z", "fetched_at": "2025-07-14T14:23:29.217334+00:00", "symbol": "DOGE-USD"}, {"trade_id": 138975541, "side": "buy", "size": "595.40000000", "price": "0.20620000", "time": "2025-07-14T14:20:26.412042Z", "fetched_at": "2025-07-14T14:23:29.217334+00:00", "symbol": "DOGE-USD"}, {"trade_id": 138975540, "side": "sell", "size": "275.00000000", "price": "0.20622000", "time": "2025-07-14T14:20:23.996810Z", "fetched_at": "2025-07-14T14:23:29.217334+00:00", "symbol": "DOGE-USD"}, {"trade_id": 138975539, "side": "sell", "size": "275.00000000", "price": "0.20622000", "time": "2025-07-14T14:20:23.981912Z", "fetched_at": "2025-07-14T14:23:29.217334+00:00", "symbol": "DOGE-USD"}, {"trade_id": 138975538, "side": "sell", "size": "91.20000000", "price": "0.20619000", "time": "2025-07-14T14:20:23.669289Z", "fetched_at": "2025-07-14T14:23:29.217334+00:00", "symbol": "DOGE-USD"}, {"trade_id": 138975537, "side": "sell", "size": "183.80000000", "price": "0.20619000", "time": "2025-07-14T14:20:23.653386Z", "fetched_at": "2025-07-14T14:23:29.217334+00:00", "symbol": "DOGE-USD"}, {"trade_id": 138975536, "side": "buy", "size": "376.50000000", "price": "0.20619000", "time": "2025-07-14T14:20:23.440869Z", "fetched_at": "2025-07-14T14:23:29.217334+00:00", "symbol": "DOGE-USD"}, {"trade_id": 138975535, "side": "buy", "size": "5.40000000", "price": "0.20620000", "time": "2025-07-14T14:20:23.440869Z", "fetched_at": "2025-07-14T14:23:29.217334+00:00", "symbol": "DOGE-USD"}, {"trade_id": 138975534, "side": "buy", "size": "5.40000000", "price": "0.20622000", "time": "2025-07-14T14:20:22.487506Z", "fetched_at": "2025-07-14T14:23:29.217334+00:00", "symbol": "DOGE-USD"}, {"trade_id": 138975533, "side": "buy", "size": "5.40000000", "price": "0.20624000", "time": "2025-07-14T14:20:22.437692Z", "fetched_at": "2025-07-14T14:23:29.217334+00:00", "symbol": "DOGE-USD"}, {"trade_id": 138975532, "side": "buy", "size": "5.40000000", "price": "0.20626000", "time": "2025-07-14T14:20:22.041119Z", "fetched_at": "2025-07-14T14:23:29.217334+00:00", "symbol": "DOGE-USD"}, {"trade_id": 138975531, "side": "buy", "size": "5.40000000", "price": "0.20628000", "time": "2025-07-14T14:20:22.039400Z", "fetched_at": "2025-07-14T14:23:29.217334+00:00", "symbol": "DOGE-USD"}, {"trade_id": 138975530, "side": "buy", "size": "5.40000000", "price": "0.20630000", "time": "2025-07-14T14:20:21.984784Z", "fetched_at": "2025-07-14T14:23:29.217334+00:00", "symbol": "DOGE-USD"}, {"trade_id": 138975529, "side": "buy", "size": "5.40000000", "price": "0.20632000", "time": "2025-07-14T14:20:21.844856Z", "fetched_at": "2025-07-14T14:23:29.217334+00:00", "symbol": "DOGE-USD"}, {"trade_id": 138975528, "side": "buy", "size": "5.40000000", "price": "0.20634000", "time": "2025-07-14T14:20:18.133890Z", "fetched_at": "2025-07-14T14:23:29.217334+00:00", "symbol": "DOGE-USD"}, {"trade_id": 138975527, "side": "buy", "size": "5.40000000", "price": "0.20636000", "time": "2025-07-14T14:20:18.102151Z", "fetched_at": "2025-07-14T14:23:29.217334+00:00", "symbol": "DOGE-USD"}, {"trade_id": 138975526, "side": "buy", "size": "491.00000000", "price": "0.20640000", "time": "2025-07-14T14:20:17.017690Z", "fetched_at": "2025-07-14T14:23:29.217334+00:00", "symbol": "DOGE-USD"}, {"trade_id": 138975525, "side": "sell", "size": "5.40000000", "price": "0.20644000", "time": "2025-07-14T14:20:16.547970Z", "fetched_at": "2025-07-14T14:23:29.217334+00:00", "symbol": "DOGE-USD"}, {"trade_id": 138975524, "side": "sell", "size": "5.40000000", "price": "0.20642000", "time": "2025-07-14T14:20:15.520420Z", "fetched_at": "2025-07-14T14:23:29.217334+00:00", "symbol": "DOGE-USD"}, {"trade_id": 138975523, "side": "buy", "size": "5.40000000", "price": "0.20634000", "time": "2025-07-14T14:20:12.875605Z", "fetched_at": "2025-07-14T14:23:29.217334+00:00", "symbol": "DOGE-USD"}, {"trade_id": 138975522, "side": "buy", "size": "1459.60000000", "price": "0.20632000", "time": "2025-07-14T14:20:10.553211Z", "fetched_at": "2025-07-14T14:23:29.217334+00:00", "symbol": "DOGE-USD"}, {"trade_id": 138975521, "side": "buy", "size": "5.40000000", "price": "0.20632000", "time": "2025-07-14T14:20:10.553211Z", "fetched_at": "2025-07-14T14:23:29.217334+00:00", "symbol": "DOGE-USD"}, {"trade_id": 138975520, "side": "buy", "size": "17820.60000000", "price": "0.20633000", "time": "2025-07-14T14:20:10.553211Z", "fetched_at": "2025-07-14T14:23:29.217334+00:00", "symbol": "DOGE-USD"}, {"trade_id": 138975519, "side": "buy", "size": "5656.40000000", "price": "0.20633000", "time": "2025-07-14T14:20:10.553211Z", "fetched_at": "2025-07-14T14:23:29.217334+00:00", "symbol": "DOGE-USD"}, {"trade_id": 138975518, "side": "buy", "size": "810.00000000", "price": "0.20633000", "time": "2025-07-14T14:20:10.553211Z", "fetched_at": "2025-07-14T14:23:29.217334+00:00", "symbol": "DOGE-USD"}, {"trade_id": 138975517, "side": "buy", "size": "1391.50000000", "price": "0.20634000", "time": "2025-07-14T14:20:10.553211Z", "fetched_at": "2025-07-14T14:23:29.217334+00:00", "symbol": "DOGE-USD"}, {"trade_id": 138975516, "side": "buy", "size": "11178.40000000", "price": "0.20634000", "time": "2025-07-14T14:20:10.553211Z", "fetched_at": "2025-07-14T14:23:29.217334+00:00", "symbol": "DOGE-USD"}, {"trade_id": 138975515, "side": "buy", "size": "10000.00000000", "price": "0.20634000", "time": "2025-07-14T14:20:10.553211Z", "fetched_at": "2025-07-14T14:23:29.217334+00:00", "symbol": "DOGE-USD"}, {"trade_id": 138975514, "side": "buy", "size": "5.40000000", "price": "0.20634000", "time": "2025-07-14T14:20:10.553211Z", "fetched_at": "2025-07-14T14:23:29.217334+00:00", "symbol": "DOGE-USD"}, {"trade_id": 138975513, "side": "buy", "size": "6003.20000000", "price": "0.20635000", "time": "2025-07-14T14:20:10.553211Z", "fetched_at": "2025-07-14T14:23:29.217334+00:00", "symbol": "DOGE-USD"}, {"trade_id": 138975512, "side": "buy", "size": "5.40000000", "price": "0.20636000", "time": "2025-07-14T14:20:10.553211Z", "fetched_at": "2025-07-14T14:23:29.217334+00:00", "symbol": "DOGE-USD"}, {"trade_id": 138975511, "side": "buy", "size": "1602.50000000", "price": "0.20638000", "time": "2025-07-14T14:20:10.553211Z", "fetched_at": "2025-07-14T14:23:29.217334+00:00", "symbol": "DOGE-USD"}, {"trade_id": 138975510, "side": "buy", "size": "5.40000000", "price": "0.20638000", "time": "2025-07-14T14:20:10.553211Z", "fetched_at": "2025-07-14T14:23:29.217334+00:00", "symbol": "DOGE-USD"}, {"trade_id": 138975509, "side": "buy", "size": "1433.00000000", "price": "0.20639000", "time": "2025-07-14T14:20:10.553211Z", "fetched_at": "2025-07-14T14:23:29.217334+00:00", "symbol": "DOGE-USD"}