[{"trade_id": 848806841, "side": "buy", "size": "0.00829676", "price": "120528.96000000", "time": "2025-07-14T15:10:45.165075Z", "fetched_at": "2025-07-14T15:10:49.284123+00:00", "symbol": "BTC-USD"}, {"trade_id": 848806840, "side": "sell", "size": "0.00005965", "price": "120520.12000000", "time": "2025-07-14T15:10:45.134376Z", "fetched_at": "2025-07-14T15:10:49.284123+00:00", "symbol": "BTC-USD"}, {"trade_id": 848806839, "side": "sell", "size": "0.02179200", "price": "120520.12000000", "time": "2025-07-14T15:10:45.134376Z", "fetched_at": "2025-07-14T15:10:49.284123+00:00", "symbol": "BTC-USD"}, {"trade_id": 848806838, "side": "sell", "size": "0.00344961", "price": "120520.12000000", "time": "2025-07-14T15:10:45.130208Z", "fetched_at": "2025-07-14T15:10:49.284123+00:00", "symbol": "BTC-USD"}, {"trade_id": 848806837, "side": "sell", "size": "0.00629933", "price": "120520.12000000", "time": "2025-07-14T15:10:45.126208Z", "fetched_at": "2025-07-14T15:10:49.284123+00:00", "symbol": "BTC-USD"}, {"trade_id": 848806836, "side": "sell", "size": "0.00829775", "price": "120514.56000000", "time": "2025-07-14T15:10:45.094685Z", "fetched_at": "2025-07-14T15:10:49.284123+00:00", "symbol": "BTC-USD"}, {"trade_id": 848806835, "side": "sell", "size": "0.00477058", "price": "120513.00000000", "time": "2025-07-14T15:10:45.087395Z", "fetched_at": "2025-07-14T15:10:49.284123+00:00", "symbol": "BTC-USD"}, {"trade_id": 848806834, "side": "sell", "size": "0.02405821", "price": "120513.00000000", "time": "2025-07-14T15:10:45.077264Z", "fetched_at": "2025-07-14T15:10:49.284123+00:00", "symbol": "BTC-USD"}, {"trade_id": 848806833, "side": "sell", "size": "0.02318926", "price": "120512.76000000", "time": "2025-07-14T15:10:45.077264Z", "fetched_at": "2025-07-14T15:10:49.284123+00:00", "symbol": "BTC-USD"}, {"trade_id": 848806832, "side": "sell", "size": "0.00345107", "price": "120512.76000000", "time": "2025-07-14T15:10:45.009074Z", "fetched_at": "2025-07-14T15:10:49.284123+00:00", "symbol": "BTC-USD"}, {"trade_id": 848806831, "side": "sell", "size": "0.04555103", "price": "120512.76000000", "time": "2025-07-14T15:10:45.005263Z", "fetched_at": "2025-07-14T15:10:49.284123+00:00", "symbol": "BTC-USD"}, {"trade_id": 848806830, "side": "sell", "size": "0.00369647", "price": "120512.76000000", "time": "2025-07-14T15:10:45.001690Z", "fetched_at": "2025-07-14T15:10:49.284123+00:00", "symbol": "BTC-USD"}, {"trade_id": 848806829, "side": "sell", "size": "0.00460986", "price": "120512.76000000", "time": "2025-07-14T15:10:44.997382Z", "fetched_at": "2025-07-14T15:10:49.284123+00:00", "symbol": "BTC-USD"}, {"trade_id": 848806828, "side": "sell", "size": "0.00314287", "price": "120512.76000000", "time": "2025-07-14T15:10:44.992060Z", "fetched_at": "2025-07-14T15:10:49.284123+00:00", "symbol": "BTC-USD"}, {"trade_id": 848806827, "side": "sell", "size": "0.00340555", "price": "120512.76000000", "time": "2025-07-14T15:10:44.987699Z", "fetched_at": "2025-07-14T15:10:49.284123+00:00", "symbol": "BTC-USD"}, {"trade_id": 848806826, "side": "sell", "size": "0.02924547", "price": "120512.76000000", "time": "2025-07-14T15:10:44.983646Z", "fetched_at": "2025-07-14T15:10:49.284123+00:00", "symbol": "BTC-USD"}, {"trade_id": 848806825, "side": "sell", "size": "0.02585530", "price": "120512.76000000", "time": "2025-07-14T15:10:44.975700Z", "fetched_at": "2025-07-14T15:10:49.284123+00:00", "symbol": "BTC-USD"}, {"trade_id": 848806824, "side": "sell", "size": "0.02694919", "price": "120512.76000000", "time": "2025-07-14T15:10:44.971371Z", "fetched_at": "2025-07-14T15:10:49.284123+00:00", "symbol": "BTC-USD"}, {"trade_id": 848806823, "side": "sell", "size": "0.03500496", "price": "120512.76000000", "time": "2025-07-14T15:10:44.967001Z", "fetched_at": "2025-07-14T15:10:49.284123+00:00", "symbol": "BTC-USD"}, {"trade_id": 848806822, "side": "sell", "size": "0.00428671", "price": "120512.76000000", "time": "2025-07-14T15:10:44.953711Z", "fetched_at": "2025-07-14T15:10:49.284123+00:00", "symbol": "BTC-USD"}, {"trade_id": 848806821, "side": "sell", "size": "0.03556846", "price": "120512.76000000", "time": "2025-07-14T15:10:44.948334Z", "fetched_at": "2025-07-14T15:10:49.284123+00:00", "symbol": "BTC-USD"}, {"trade_id": 848806820, "side": "sell", "size": "0.00293630", "price": "120512.76000000", "time": "2025-07-14T15:10:44.928408Z", "fetched_at": "2025-07-14T15:10:49.284123+00:00", "symbol": "BTC-USD"}, {"trade_id": 848806819, "side": "sell", "size": "0.02979526", "price": "120512.76000000", "time": "2025-07-14T15:10:44.924896Z", "fetched_at": "2025-07-14T15:10:49.284123+00:00", "symbol": "BTC-USD"}, {"trade_id": 848806818, "side": "sell", "size": "0.00477371", "price": "120512.76000000", "time": "2025-07-14T15:10:44.920535Z", "fetched_at": "2025-07-14T15:10:49.284123+00:00", "symbol": "BTC-USD"}, {"trade_id": 848806817, "side": "sell", "size": "0.00337107", "price": "120512.76000000", "time": "2025-07-14T15:10:44.913450Z", "fetched_at": "2025-07-14T15:10:49.284123+00:00", "symbol": "BTC-USD"}, {"trade_id": 848806816, "side": "sell", "size": "0.00386346", "price": "120512.76000000", "time": "2025-07-14T15:10:44.909724Z", "fetched_at": "2025-07-14T15:10:49.284123+00:00", "symbol": "BTC-USD"}, {"trade_id": 848806815, "side": "sell", "size": "0.01673375", "price": "120512.76000000", "time": "2025-07-14T15:10:44.905Z", "fetched_at": "2025-07-14T15:10:49.284123+00:00", "symbol": "BTC-USD"}, {"trade_id": 848806814, "side": "sell", "size": "0.00344630", "price": "120512.76000000", "time": "2025-07-14T15:10:44.881479Z", "fetched_at": "2025-07-14T15:10:49.284123+00:00", "symbol": "BTC-USD"}, {"trade_id": 848806813, "side": "sell", "size": "0.08727847", "price": "120512.76000000", "time": "2025-07-14T15:10:44.877294Z", "fetched_at": "2025-07-14T15:10:49.284123+00:00", "symbol": "BTC-USD"}, {"trade_id": 848806812, "side": "buy", "size": "0.31061421", "price": "120489.40000000", "time": "2025-07-14T15:10:44.771486Z", "fetched_at": "2025-07-14T15:10:49.284123+00:00", "symbol": "BTC-USD"}, {"trade_id": 848806811, "side": "buy", "size": "0.08299206", "price": "120493.44000000", "time": "2025-07-14T15:10:44.771486Z", "fetched_at": "2025-07-14T15:10:49.284123+00:00", "symbol": "BTC-USD"}, {"trade_id": 848806810, "side": "buy", "size": "0.04979524", "price": "120493.52000000", "time": "2025-07-14T15:10:44.771486Z", "fetched_at": "2025-07-14T15:10:49.284123+00:00", "symbol": "BTC-USD"}, {"trade_id": 848806809, "side": "buy", "size": "0.01000000", "price": "120493.54000000", "time": "2025-07-14T15:10:44.771486Z", "fetched_at": "2025-07-14T15:10:49.284123+00:00", "symbol": "BTC-USD"}, {"trade_id": 848806808, "side": "buy", "size": "0.02105388", "price": "120493.55000000", "time": "2025-07-14T15:10:44.771486Z", "fetched_at": "2025-07-14T15:10:49.284123+00:00", "symbol": "BTC-USD"}, {"trade_id": 848806807, "side": "buy", "size": "0.00002263", "price": "120510.93000000", "time": "2025-07-14T15:10:44.771486Z", "fetched_at": "2025-07-14T15:10:49.284123+00:00", "symbol": "BTC-USD"}, {"trade_id": 848806806, "side": "buy", "size": "0.00829800", "price": "120510.93000000", "time": "2025-07-14T15:10:44.771486Z", "fetched_at": "2025-07-14T15:10:49.284123+00:00", "symbol": "BTC-USD"}, {"trade_id": 848806805, "side": "buy", "size": "0.00829787", "price": "120512.74000000", "time": "2025-07-14T15:10:44.771486Z", "fetched_at": "2025-07-14T15:10:49.284123+00:00", "symbol": "BTC-USD"}, {"trade_id": 848806804, "side": "buy", "size": "0.00000024", "price": "120512.74000000", "time": "2025-07-14T15:10:44.771486Z", "fetched_at": "2025-07-14T15:10:49.284123+00:00", "symbol": "BTC-USD"}, {"trade_id": 848806803, "side": "buy", "size": "0.02585618", "price": "120512.75000000", "time": "2025-07-14T15:10:44.771486Z", "fetched_at": "2025-07-14T15:10:49.284123+00:00", "symbol": "BTC-USD"}, {"trade_id": 848806802, "side": "buy", "size": "0.00000116", "price": "120512.75000000", "time": "2025-07-14T15:10:44.771486Z", "fetched_at": "2025-07-14T15:10:49.284123+00:00", "symbol": "BTC-USD"}, {"trade_id": 848806801, "side": "buy", "size": "0.00829475", "price": "120512.75000000", "time": "2025-07-14T15:10:44.771486Z", "fetched_at": "2025-07-14T15:10:49.284123+00:00", "symbol": "BTC-USD"}, {"trade_id": 848806800, "side": "sell", "size": "0.00821715", "price": "120512.76000000", "time": "2025-07-14T15:10:44.746857Z", "fetched_at": "2025-07-14T15:10:49.284123+00:00", "symbol": "BTC-USD"}, {"trade_id": 848806799, "side": "sell", "size": "0.00829787", "price": "120512.76000000", "time": "2025-07-14T15:10:44.056238Z", "fetched_at": "2025-07-14T15:10:49.284123+00:00", "symbol": "BTC-USD"}, {"trade_id": 848806798, "side": "buy", "size": "0.10833151", "price": "120487.92000000", "time": "2025-07-14T15:10:43.799775Z", "fetched_at": "2025-07-14T15:10:49.284123+00:00", "symbol": "BTC-USD"}, {"trade_id": 848806797, "side": "buy", "size": "0.03306642", "price": "120492.07000000", "time": "2025-07-14T15:10:43.799775Z", "fetched_at": "2025-07-14T15:10:49.284123+00:00", "symbol": "BTC-USD"}, {"trade_id": 848806796, "side": "buy", "size": "0.35108600", "price": "120493.06000000", "time": "2025-07-14T15:10:43.799775Z", "fetched_at": "2025-07-14T15:10:49.284123+00:00", "symbol": "BTC-USD"}, {"trade_id": 848806795, "side": "buy", "size": "0.23049145", "price": "120493.07000000", "time": "2025-07-14T15:10:43.799775Z", "fetched_at": "2025-07-14T15:10:49.284123+00:00", "symbol": "BTC-USD"}, {"trade_id": 848806794, "side": "buy", "size": "0.08298425", "price": "120504.79000000", "time": "2025-07-14T15:10:43.799775Z", "fetched_at": "2025-07-14T15:10:49.284123+00:00", "symbol": "BTC-USD"}, {"trade_id": 848806793, "side": "buy", "size": "0.02309534", "price": "120505.13000000", "time": "2025-07-14T15:10:43.799775Z", "fetched_at": "2025-07-14T15:10:49.284123+00:00", "symbol": "BTC-USD"}, {"trade_id": 848806792, "side": "buy", "size": "0.03316581", "price": "120508.77000000", "time": "2025-07-14T15:10:43.799775Z", "fetched_at": "2025-07-14T15:10:49.284123+00:00", "symbol": "BTC-USD"}, {"trade_id": 848806791, "side": "buy", "size": "0.04557096", "price": "120508.78000000", "time": "2025-07-14T15:10:43.799775Z", "fetched_at": "2025-07-14T15:10:49.284123+00:00", "symbol": "BTC-USD"}, {"trade_id": 848806790, "side": "buy", "size": "0.03375669", "price": "120508.78000000", "time": "2025-07-14T15:10:43.799775Z", "fetched_at": "2025-07-14T15:10:49.284123+00:00", "symbol": "BTC-USD"}, {"trade_id": 848806789, "side": "buy", "size": "0.00000116", "price": "120512.76000000", "time": "2025-07-14T15:10:43.799775Z", "fetched_at": "2025-07-14T15:10:49.284123+00:00", "symbol": "BTC-USD"}, {"trade_id": 848806788, "side": "buy", "size": "0.01068255", "price": "120518.81000000", "time": "2025-07-14T15:10:43.799775Z", "fetched_at": "2025-07-14T15:10:49.284123+00:00", "symbol": "BTC-USD"}, {"trade_id": 848806787, "side": "buy", "size": "0.03500000", "price": "120518.82000000", "time": "2025-07-14T15:10:43.799775Z", "fetched_at": "2025-07-14T15:10:49.284123+00:00", "symbol": "BTC-USD"}, {"trade_id": 848806786, "side": "buy", "size": "0.01000000", "price": "120518.83000000", "time": "2025-07-14T15:10:43.799775Z", "fetched_at": "2025-07-14T15:10:49.284123+00:00", "symbol": "BTC-USD"}, {"trade_id": 848806785, "side": "buy", "size": "0.00829442", "price": "120523.32000000", "time": "2025-07-14T15:10:43.799775Z", "fetched_at": "2025-07-14T15:10:49.284123+00:00", "symbol": "BTC-USD"}, {"trade_id": 848806784, "side": "buy", "size": "0.00829704", "price": "120524.88000000", "time": "2025-07-14T15:10:43.799775Z", "fetched_at": "2025-07-14T15:10:49.284123+00:00", "symbol": "BTC-USD"}, {"trade_id": 848806783, "side": "buy", "size": "0.00829691", "price": "120526.69000000", "time": "2025-07-14T15:10:43.799775Z", "fetched_at": "2025-07-14T15:10:49.284123+00:00", "symbol": "BTC-USD"}, {"trade_id": 848806782, "side": "sell", "size": "0.00079138", "price": "120530.27000000", "time": "2025-07-14T15:10:43.536887Z", "fetched_at": "2025-07-14T15:10:49.284123+00:00", "symbol": "BTC-USD"}, {"trade_id": 848806781, "side": "buy", "size": "0.00042000", "price": "120527.00000000", "time": "2025-07-14T15:10:43.344921Z", "fetched_at": "2025-07-14T15:10:49.284123+00:00", "symbol": "BTC-USD"}, {"trade_id": 848806780, "side": "sell", "size": "0.00213204", "price": "120521.56000000", "time": "2025-07-14T15:10:43.281203Z", "fetched_at": "2025-07-14T15:10:49.284123+00:00", "symbol": "BTC-USD"}, {"trade_id": 848806779, "side": "sell", "size": "0.01446250", "price": "120521.56000000", "time": "2025-07-14T15:10:43.279144Z", "fetched_at": "2025-07-14T15:10:49.284123+00:00", "symbol": "BTC-USD"}, {"trade_id": 848806778, "side": "sell", "size": "0.00514400", "price": "120521.24000000", "time": "2025-07-14T15:10:43.271654Z", "fetched_at": "2025-07-14T15:10:49.284123+00:00", "symbol": "BTC-USD"}, {"trade_id": 848806777, "side": "sell", "size": "0.00000664", "price": "120521.24000000", "time": "2025-07-14T15:10:43.271654Z", "fetched_at": "2025-07-14T15:10:49.284123+00:00", "symbol": "BTC-USD"}, {"trade_id": 848806776, "side": "sell", "size": "0.04430536", "price": "120518.28000000", "time": "2025-07-14T15:10:43.262938Z", "fetched_at": "2025-07-14T15:10:49.284123+00:00", "symbol": "BTC-USD"}, {"trade_id": 848806775, "side": "sell", "size": "0.00940764", "price": "120514.98000000", "time": "2025-07-14T15:10:43.255450Z", "fetched_at": "2025-07-14T15:10:49.284123+00:00", "symbol": "BTC-USD"}, {"trade_id": 848806774, "side": "sell", "size": "0.00000828", "price": "120512.77000000", "time": "2025-07-14T15:10:43.058456Z", "fetched_at": "2025-07-14T15:10:49.284123+00:00", "symbol": "BTC-USD"}, {"trade_id": 848806773, "side": "sell", "size": "0.00007521", "price": "120512.76000000", "time": "2025-07-14T15:10:43.058456Z", "fetched_at": "2025-07-14T15:10:49.284123+00:00", "symbol": "BTC-USD"}, {"trade_id": 848806772, "side": "sell", "size": "0.03615550", "price": "120512.76000000", "time": "2025-07-14T15:10:43.058456Z", "fetched_at": "2025-07-14T15:10:49.284123+00:00", "symbol": "BTC-USD"}, {"trade_id": 848806771, "side": "sell", "size": "0.00652000", "price": "120512.76000000", "time": "2025-07-14T15:10:43.011132Z", "fetched_at": "2025-07-14T15:10:49.284123+00:00", "symbol": "BTC-USD"}, {"trade_id": 848806770, "side": "sell", "size": "0.01174000", "price": "120512.76000000", "time": "2025-07-14T15:10:42.978652Z", "fetched_at": "2025-07-14T15:10:49.284123+00:00", "symbol": "BTC-USD"}, {"trade_id": 848806769, "side": "sell", "size": "0.02291867", "price": "120512.76000000", "time": "2025-07-14T15:10:42.963832Z", "fetched_at": "2025-07-14T15:10:49.284123+00:00", "symbol": "BTC-USD"}, {"trade_id": 848806768, "side": "sell", "size": "0.00650022", "price": "120512.76000000", "time": "2025-07-14T15:10:42.891536Z", "fetched_at": "2025-07-14T15:10:49.284123+00:00", "symbol": "BTC-USD"}, {"trade_id": 848806767, "side": "sell", "size": "0.00256341", "price": "120512.76000000", "time": "2025-07-14T15:10:42.887679Z", "fetched_at": "2025-07-14T15:10:49.284123+00:00", "symbol": "BTC-USD"}, {"trade_id": 848806766, "side": "sell", "size": "0.00276325", "price": "120512.76000000", "time": "2025-07-14T15:10:42.883617Z", "fetched_at": "2025-07-14T15:10:49.284123+00:00", "symbol": "BTC-USD"}, {"trade_id": 848806765, "side": "sell", "size": "0.00267624", "price": "120512.76000000", "time": "2025-07-14T15:10:42.880247Z", "fetched_at": "2025-07-14T15:10:49.284123+00:00", "symbol": "BTC-USD"}, {"trade_id": 848806764, "side": "sell", "size": "0.00321652", "price": "120512.76000000", "time": "2025-07-14T15:10:42.877015Z", "fetched_at": "2025-07-14T15:10:49.284123+00:00", "symbol": "BTC-USD"}, {"trade_id": 848806763, "side": "sell", "size": "0.03769096", "price": "120512.76000000", "time": "2025-07-14T15:10:42.873193Z", "fetched_at": "2025-07-14T15:10:49.284123+00:00", "symbol": "BTC-USD"}, {"trade_id": 848806762, "side": "sell", "size": "0.00007521", "price": "120511.76000000", "time": "2025-07-14T15:10:42.868981Z", "fetched_at": "2025-07-14T15:10:49.284123+00:00", "symbol": "BTC-USD"}, {"trade_id": 848806761, "side": "sell", "size": "0.02684772", "price": "120509.99000000", "time": "2025-07-14T15:10:42.826503Z", "fetched_at": "2025-07-14T15:10:49.284123+00:00", "symbol": "BTC-USD"}, {"trade_id": 848806760, "side": "sell", "size": "0.01044142", "price": "120509.00000000", "time": "2025-07-14T15:10:42.818055Z", "fetched_at": "2025-07-14T15:10:49.284123+00:00", "symbol": "BTC-USD"}, {"trade_id": 848806759, "side": "sell", "size": "0.02732035", "price": "120509.00000000", "time": "2025-07-14T15:10:42.811278Z", "fetched_at": "2025-07-14T15:10:49.284123+00:00", "symbol": "BTC-USD"}, {"trade_id": 848806758, "side": "sell", "size": "0.18837875", "price": "120506.82000000", "time": "2025-07-14T15:10:42.793946Z", "fetched_at": "2025-07-14T15:10:49.284123+00:00", "symbol": "BTC-USD"}, {"trade_id": 848806757, "side": "sell", "size": "0.01614730", "price": "120506.82000000", "time": "2025-07-14T15:10:42.793946Z", "fetched_at": "2025-07-14T15:10:49.284123+00:00", "symbol": "BTC-USD"}, {"trade_id": 848806756, "side": "sell", "size": "0.01461508", "price": "120506.79000000", "time": "2025-07-14T15:10:42.793946Z", "fetched_at": "2025-07-14T15:10:49.284123+00:00", "symbol": "BTC-USD"}, {"trade_id": 848806755, "side": "sell", "size": "0.01200000", "price": "120506.77000000", "time": "2025-07-14T15:10:42.790577Z", "fetched_at": "2025-07-14T15:10:49.284123+00:00", "symbol": "BTC-USD"}, {"trade_id": 848806754, "side": "sell", "size": "0.00566141", "price": "120506.76000000", "time": "2025-07-14T15:10:42.790577Z", "fetched_at": "2025-07-14T15:10:49.284123+00:00", "symbol": "BTC-USD"}, {"trade_id": 848806753, "side": "buy", "size": "0.00176215", "price": "120507.40000000", "time": "2025-07-14T15:10:42.672708Z", "fetched_at": "2025-07-14T15:10:49.284123+00:00", "symbol": "BTC-USD"}, {"trade_id": 848806752, "side": "buy", "size": "0.00829807", "price": "120509.94000000", "time": "2025-07-14T15:10:42.672708Z", "fetched_at": "2025-07-14T15:10:49.284123+00:00", "symbol": "BTC-USD"}, {"trade_id": 848806751, "side": "buy", "size": "0.00005411", "price": "120507.40000000", "time": "2025-07-14T15:10:42.365139Z", "fetched_at": "2025-07-14T15:10:49.284123+00:00", "symbol": "BTC-USD"}, {"trade_id": 848806750, "side": "sell", "size": "0.06288058", "price": "120509.99000000", "time": "2025-07-14T15:10:42.259269Z", "fetched_at": "2025-07-14T15:10:49.284123+00:00", "symbol": "BTC-USD"}, {"trade_id": 848806749, "side": "sell", "size": "0.00001012", "price": "120509.48000000", "time": "2025-07-14T15:10:42.259269Z", "fetched_at": "2025-07-14T15:10:49.284123+00:00", "symbol": "BTC-USD"}, {"trade_id": 848806748, "side": "sell", "size": "0.03629788", "price": "120509.47000000", "time": "2025-07-14T15:10:42.259269Z", "fetched_at": "2025-07-14T15:10:49.284123+00:00", "symbol": "BTC-USD"}, {"trade_id": 848806747, "side": "sell", "size": "0.01000000", "price": "120509.46000000", "time": "2025-07-14T15:10:42.259269Z", "fetched_at": "2025-07-14T15:10:49.284123+00:00", "symbol": "BTC-USD"}, {"trade_id": 848806746, "side": "sell", "size": "0.01200000", "price": "120509.45000000", "time": "2025-07-14T15:10:42.259269Z", "fetched_at": "2025-07-14T15:10:49.284123+00:00", "symbol": "BTC-USD"}, {"trade_id": 848806745, "side": "buy", "size": "0.00628770", "price": "120507.40000000", "time": "2025-07-14T15:10:42.179644Z", "fetched_at": "2025-07-14T15:10:49.284123+00:00", "symbol": "BTC-USD"}, {"trade_id": 848806744, "side": "buy", "size": "0.03644602", "price": "120505.13000000", "time": "2025-07-14T15:10:41.976009Z", "fetched_at": "2025-07-14T15:10:49.284123+00:00", "symbol": "BTC-USD"}, {"trade_id": 848806743, "side": "buy", "size": "0.08195989", "price": "120505.13000000", "time": "2025-07-14T15:10:41.976009Z", "fetched_at": "2025-07-14T15:10:49.284123+00:00", "symbol": "BTC-USD"}, {"trade_id": 848806742, "side": "buy", "size": "0.00829599", "price": "120507.38000000", "time": "2025-07-14T15:10:41.976009Z", "fetched_at": "2025-07-14T15:10:49.284123+00:00", "symbol": "BTC-USD"}, {"trade_id": 848806741, "side": "buy", "size": "0.00829810", "price": "120509.49000000", "time": "2025-07-14T15:10:41.976009Z", "fetched_at": "2025-07-14T15:10:49.284123+00:00", "symbol": "BTC-USD"}, {"trade_id": 848806740, "side": "sell", "size": "0.00007533", "price": "120509.50000000", "time": "2025-07-14T15:10:41.673540Z", "fetched_at": "2025-07-14T15:10:49.284123+00:00", "symbol": "BTC-USD"}, {"trade_id": 848806739, "side": "sell", "size": "0.00000224", "price": "120509.50000000", "time": "2025-07-14T15:10:41.673540Z", "fetched_at": "2025-07-14T15:10:49.284123+00:00", "symbol": "BTC-USD"}, {"trade_id": 848806738, "side": "buy", "size": "0.00000558", "price": "120505.13000000", "time": "2025-07-14T15:10:41.205873Z", "fetched_at": "2025-07-14T15:10:49.284123+00:00", "symbol": "BTC-USD"}, {"trade_id": 848806737, "side": "sell", "size": "0.00829810", "price": "120509.51000000", "time": "2025-07-14T15:10:40.994794Z", "fetched_at": "2025-07-14T15:10:49.284123+00:00", "symbol": "BTC-USD"}, {"trade_id": 848806736, "side": "sell", "size": "0.00616462", "price": "120509.52000000", "time": "2025-07-14T15:10:40.971105Z", "fetched_at": "2025-07-14T15:10:49.284123+00:00", "symbol": "BTC-USD"}, {"trade_id": 848806735, "side": "sell", "size": "0.00000944", "price": "120508.86000000", "time": "2025-07-14T15:10:40.971105Z", "fetched_at": "2025-07-14T15:10:49.284123+00:00", "symbol": "BTC-USD"}, {"trade_id": 848806734, "side": "sell", "size": "0.00001919", "price": "120502.67000000", "time": "2025-07-14T15:10:40.971105Z", "fetched_at": "2025-07-14T15:10:49.284123+00:00", "symbol": "BTC-USD"}, {"trade_id": 848806733, "side": "sell", "size": "0.00000915", "price": "120502.04000000", "time": "2025-07-14T15:10:40.971105Z", "fetched_at": "2025-07-14T15:10:49.284123+00:00", "symbol": "BTC-USD"}, {"trade_id": 848806732, "side": "sell", "size": "0.00000907", "price": "120499.99000000", "time": "2025-07-14T15:10:40.971105Z", "fetched_at": "2025-07-14T15:10:49.284123+00:00", "symbol": "BTC-USD"}, {"trade_id": 848806731, "side": "sell", "size": "0.00001210", "price": "120499.94000000", "time": "2025-07-14T15:10:40.971105Z", "fetched_at": "2025-07-14T15:10:49.284123+00:00", "symbol": "BTC-USD"}, {"trade_id": 848806730, "side": "buy", "size": "0.00019401", "price": "120507.93000000", "time": "2025-07-14T15:10:40.884216Z", "fetched_at": "2025-07-14T15:10:49.284123+00:00", "symbol": "BTC-USD"}, {"trade_id": 848806729, "side": "buy", "size": "0.07068172", "price": "120477.35000000", "time": "2025-07-14T15:10:40.858594Z", "fetched_at": "2025-07-14T15:10:49.284123+00:00", "symbol": "BTC-USD"}, {"trade_id": 848806728, "side": "buy", "size": "0.07039799", "price": "120477.35000000", "time": "2025-07-14T15:10:40.858594Z", "fetched_at": "2025-07-14T15:10:49.284123+00:00", "symbol": "BTC-USD"}, {"trade_id": 848806727, "side": "buy", "size": "0.01078166", "price": "120477.36000000", "time": "2025-07-14T15:10:40.858594Z", "fetched_at": "2025-07-14T15:10:49.284123+00:00", "symbol": "BTC-USD"}, {"trade_id": 848806726, "side": "buy", "size": "0.09407167", "price": "120483.00000000", "time": "2025-07-14T15:10:40.858594Z", "fetched_at": "2025-07-14T15:10:49.284123+00:00", "symbol": "BTC-USD"}, {"trade_id": 848806725, "side": "buy", "size": "0.05644300", "price": "120483.01000000", "time": "2025-07-14T15:10:40.858594Z", "fetched_at": "2025-07-14T15:10:49.284123+00:00", "symbol": "BTC-USD"}, {"trade_id": 848806724, "side": "buy", "size": "0.01000000", "price": "120494.92000000", "time": "2025-07-14T15:10:40.858594Z", "fetched_at": "2025-07-14T15:10:49.284123+00:00", "symbol": "BTC-USD"}, {"trade_id": 848806723, "side": "buy", "size": "0.04436083", "price": "120494.97000000", "time": "2025-07-14T15:10:40.858594Z", "fetched_at": "2025-07-14T15:10:49.284123+00:00", "symbol": "BTC-USD"}, {"trade_id": 848806722, "side": "buy", "size": "0.03500000", "price": "120494.99000000", "time": "2025-07-14T15:10:40.858594Z", "fetched_at": "2025-07-14T15:10:49.284123+00:00", "symbol": "BTC-USD"}, {"trade_id": 848806721, "side": "buy", "size": "0.00202132", "price": "120505.38000000", "time": "2025-07-14T15:10:40.858594Z", "fetched_at": "2025-07-14T15:10:49.284123+00:00", "symbol": "BTC-USD"}, {"trade_id": 848806720, "side": "sell", "size": "0.00001316", "price": "120509.71000000", "time": "2025-07-14T15:10:40.421296Z", "fetched_at": "2025-07-14T15:10:49.284123+00:00", "symbol": "BTC-USD"}, {"trade_id": 848806719, "side": "sell", "size": "0.06335587", "price": "120506.65000000", "time": "2025-07-14T15:10:40.162407Z", "fetched_at": "2025-07-14T15:10:49.284123+00:00", "symbol": "BTC-USD"}, {"trade_id": 848806718, "side": "sell", "size": "0.17376684", "price": "120506.65000000", "time": "2025-07-14T15:10:40.157487Z", "fetched_at": "2025-07-14T15:10:49.284123+00:00", "symbol": "BTC-USD"}, {"trade_id": 848806717, "side": "sell", "size": "0.01200000", "price": "120505.90000000", "time": "2025-07-14T15:10:40.153628Z", "fetched_at": "2025-07-14T15:10:49.284123+00:00", "symbol": "BTC-USD"}, {"trade_id": 848806716, "side": "sell", "size": "0.00002456", "price": "120503.57000000", "time": "2025-07-14T15:10:40.150994Z", "fetched_at": "2025-07-14T15:10:49.284123+00:00", "symbol": "BTC-USD"}, {"trade_id": 848806715, "side": "sell", "size": "0.00003660", "price": "120500.68000000", "time": "2025-07-14T15:10:40.147395Z", "fetched_at": "2025-07-14T15:10:49.284123+00:00", "symbol": "BTC-USD"}, {"trade_id": 848806714, "side": "sell", "size": "0.00002745", "price": "120500.21000000", "time": "2025-07-14T15:10:40.144623Z", "fetched_at": "2025-07-14T15:10:49.284123+00:00", "symbol": "BTC-USD"}, {"trade_id": 848806713, "side": "sell", "size": "0.00003717", "price": "120496.05000000", "time": "2025-07-14T15:10:40.144623Z", "fetched_at": "2025-07-14T15:10:49.284123+00:00", "symbol": "BTC-USD"}, {"trade_id": 848806712, "side": "sell", "size": "0.00510572", "price": "120500.66000000", "time": "2025-07-14T15:10:40.028249Z", "fetched_at": "2025-07-14T15:10:49.284123+00:00", "symbol": "BTC-USD"}, {"trade_id": 848806711, "side": "sell", "size": "0.00319298", "price": "120500.65000000", "time": "2025-07-14T15:10:40.028249Z", "fetched_at": "2025-07-14T15:10:49.284123+00:00", "symbol": "BTC-USD"}, {"trade_id": 848806710, "side": "sell", "size": "0.00274874", "price": "120500.66000000", "time": "2025-07-14T15:10:39.979653Z", "fetched_at": "2025-07-14T15:10:49.284123+00:00", "symbol": "BTC-USD"}, {"trade_id": 848806709, "side": "sell", "size": "0.00546657", "price": "120496.39000000", "time": "2025-07-14T15:10:39.979653Z", "fetched_at": "2025-07-14T15:10:49.284123+00:00", "symbol": "BTC-USD"}, {"trade_id": 848806708, "side": "sell", "size": "0.00003010", "price": "120491.70000000", "time": "2025-07-14T15:10:39.736459Z", "fetched_at": "2025-07-14T15:10:49.284123+00:00", "symbol": "BTC-USD"}, {"trade_id": 848806707, "side": "sell", "size": "0.00003963", "price": "120491.69000000", "time": "2025-07-14T15:10:39.736459Z", "fetched_at": "2025-07-14T15:10:49.284123+00:00", "symbol": "BTC-USD"}, {"trade_id": 848806706, "side": "sell", "size": "0.00005351", "price": "120491.44000000", "time": "2025-07-14T15:10:39.736459Z", "fetched_at": "2025-07-14T15:10:49.284123+00:00", "symbol": "BTC-USD"}, {"trade_id": 848806705, "side": "sell", "size": "0.00002015", "price": "120491.15000000", "time": "2025-07-14T15:10:39.736459Z", "fetched_at": "2025-07-14T15:10:49.284123+00:00", "symbol": "BTC-USD"}, {"trade_id": 848806704, "side": "sell", "size": "0.01000000", "price": "120490.22000000", "time": "2025-07-14T15:10:39.732024Z", "fetched_at": "2025-07-14T15:10:49.284123+00:00", "symbol": "BTC-USD"}, {"trade_id": 848806703, "side": "sell", "size": "0.00004013", "price": "120490.22000000", "time": "2025-07-14T15:10:39.732024Z", "fetched_at": "2025-07-14T15:10:49.284123+00:00", "symbol": "BTC-USD"}, {"trade_id": 848806702, "side": "buy", "size": "0.00829900", "price": "120496.39000000", "time": "2025-07-14T15:10:39.683678Z", "fetched_at": "2025-07-14T15:10:49.284123+00:00", "symbol": "BTC-USD"}, {"trade_id": 848806701, "side": "buy", "size": "0.00165152", "price": "120476.25000000", "time": "2025-07-14T15:10:39.656272Z", "fetched_at": "2025-07-14T15:10:49.284123+00:00", "symbol": "BTC-USD"}, {"trade_id": 848806700, "side": "buy", "size": "0.05275429", "price": "120490.07000000", "time": "2025-07-14T15:10:39.648873Z", "fetched_at": "2025-07-14T15:10:49.284123+00:00", "symbol": "BTC-USD"}, {"trade_id": 848806699, "side": "buy", "size": "0.01000000", "price": "120490.08000000", "time": "2025-07-14T15:10:39.648873Z", "fetched_at": "2025-07-14T15:10:49.284123+00:00", "symbol": "BTC-USD"}, {"trade_id": 848806698, "side": "buy", "size": "0.00829696", "price": "120498.20000000", "time": "2025-07-14T15:10:39.648705Z", "fetched_at": "2025-07-14T15:10:49.284123+00:00", "symbol": "BTC-USD"}, {"trade_id": 848806697, "side": "sell", "size": "0.04533003", "price": "120504.75000000", "time": "2025-07-14T15:10:39.605069Z", "fetched_at": "2025-07-14T15:10:49.284123+00:00", "symbol": "BTC-USD"}, {"trade_id": 848806696, "side": "sell", "size": "0.00007581", "price": "120504.74000000", "time": "2025-07-14T15:10:39.605069Z", "fetched_at": "2025-07-14T15:10:49.284123+00:00", "symbol": "BTC-USD"}, {"trade_id": 848806695, "side": "sell", "size": "0.00001033", "price": "120493.92000000", "time": "2025-07-14T15:10:39.588106Z", "fetched_at": "2025-07-14T15:10:49.284123+00:00", "symbol": "BTC-USD"}, {"trade_id": 848806694, "side": "sell", "size": "0.01627553", "price": "120495.50000000", "time": "2025-07-14T15:10:39.568074Z", "fetched_at": "2025-07-14T15:10:49.284123+00:00", "symbol": "BTC-USD"}, {"trade_id": 848806693, "side": "sell", "size": "0.00001034", "price": "120495.21000000", "time": "2025-07-14T15:10:39.568074Z", "fetched_at": "2025-07-14T15:10:49.284123+00:00", "symbol": "BTC-USD"}, {"trade_id": 848806692, "side": "sell", "size": "0.00050000", "price": "120493.93000000", "time": "2025-07-14T15:10:39.540660Z", "fetched_at": "2025-07-14T15:10:49.284123+00:00", "symbol": "BTC-USD"}, {"trade_id": 848806691, "side": "sell", "size": "0.03154094", "price": "120493.92000000", "time": "2025-07-14T15:10:39.540660Z", "fetched_at": "2025-07-14T15:10:49.284123+00:00", "symbol": "BTC-USD"}, {"trade_id": 848806690, "side": "sell", "size": "0.00007581", "price": "120488.22000000", "time": "2025-07-14T15:10:39.522331Z", "fetched_at": "2025-07-14T15:10:49.284123+00:00", "symbol": "BTC-USD"}, {"trade_id": 848806689, "side": "sell", "size": "0.00009644", "price": "120486.02000000", "time": "2025-07-14T15:10:39.492151Z", "fetched_at": "2025-07-14T15:10:49.284123+00:00", "symbol": "BTC-USD"}, {"trade_id": 848806688, "side": "sell", "size": "0.00000787", "price": "120483.34000000", "time": "2025-07-14T15:10:39.467364Z", "fetched_at": "2025-07-14T15:10:49.284123+00:00", "symbol": "BTC-USD"}, {"trade_id": 848806687, "side": "sell", "size": "0.00009644", "price": "120481.94000000", "time": "2025-07-14T15:10:39.467364Z", "fetched_at": "2025-07-14T15:10:49.284123+00:00", "symbol": "BTC-USD"}, {"trade_id": 848806686, "side": "sell", "size": "0.01998030", "price": "120481.94000000", "time": "2025-07-14T15:10:39.460024Z", "fetched_at": "2025-07-14T15:10:49.284123+00:00", "symbol": "BTC-USD"}, {"trade_id": 848806685, "side": "sell", "size": "0.00009644", "price": "120481.93000000", "time": "2025-07-14T15:10:39.460024Z", "fetched_at": "2025-07-14T15:10:49.284123+00:00", "symbol": "BTC-USD"}, {"trade_id": 848806684, "side": "sell", "size": "0.00405360", "price": "120480.66000000", "time": "2025-07-14T15:10:39.439587Z", "fetched_at": "2025-07-14T15:10:49.284123+00:00", "symbol": "BTC-USD"}, {"trade_id": 848806683, "side": "sell", "size": "0.00009644", "price": "120480.65000000", "time": "2025-07-14T15:10:39.439587Z", "fetched_at": "2025-07-14T15:10:49.284123+00:00", "symbol": "BTC-USD"}, {"trade_id": 848806682, "side": "sell", "size": "0.00000001", "price": "120476.25000000", "time": "2025-07-14T15:10:39.277064Z", "fetched_at": "2025-07-14T15:10:49.284123+00:00", "symbol": "BTC-USD"}, {"trade_id": 848806681, "side": "sell", "size": "0.02396276", "price": "120473.75000000", "time": "2025-07-14T15:10:39.116981Z", "fetched_at": "2025-07-14T15:10:49.284123+00:00", "symbol": "BTC-USD"}, {"trade_id": 848806680, "side": "sell", "size": "0.01343377", "price": "120473.73000000", "time": "2025-07-14T15:10:39.116981Z", "fetched_at": "2025-07-14T15:10:49.284123+00:00", "symbol": "BTC-USD"}, {"trade_id": 848806679, "side": "sell", "size": "0.01200000", "price": "120471.93000000", "time": "2025-07-14T15:10:39.076530Z", "fetched_at": "2025-07-14T15:10:49.284123+00:00", "symbol": "BTC-USD"}, {"trade_id": 848806678, "side": "sell", "size": "0.00006960", "price": "120471.63000000", "time": "2025-07-14T15:10:39.076530Z", "fetched_at": "2025-07-14T15:10:49.284123+00:00", "symbol": "BTC-USD"}, {"trade_id": 848806677, "side": "sell", "size": "0.00241916", "price": "120471.61000000", "time": "2025-07-14T15:10:38.844858Z", "fetched_at": "2025-07-14T15:10:49.284123+00:00", "symbol": "BTC-USD"}, {"trade_id": 848806676, "side": "sell", "size": "0.01025768", "price": "120469.99000000", "time": "2025-07-14T15:10:38.692487Z", "fetched_at": "2025-07-14T15:10:49.284123+00:00", "symbol": "BTC-USD"}, {"trade_id": 848806675, "side": "sell", "size": "0.00025768", "price": "120469.98000000", "time": "2025-07-14T15:10:38.688679Z", "fetched_at": "2025-07-14T15:10:49.284123+00:00", "symbol": "BTC-USD"}, {"trade_id": 848806674, "side": "sell", "size": "0.01000000", "price": "120469.98000000", "time": "2025-07-14T15:10:38.688679Z", "fetched_at": "2025-07-14T15:10:49.284123+00:00", "symbol": "BTC-USD"}, {"trade_id": 848806673, "side": "sell", "size": "0.00009644", "price": "120469.82000000", "time": "2025-07-14T15:10:38.682460Z", "fetched_at": "2025-07-14T15:10:49.284123+00:00", "symbol": "BTC-USD"}, {"trade_id": 848806672, "side": "sell", "size": "0.00270957", "price": "120470.00000000", "time": "2025-07-14T15:10:38.676060Z", "fetched_at": "2025-07-14T15:10:49.284123+00:00", "symbol": "BTC-USD"}, {"trade_id": 848806671, "side": "sell", "size": "0.08086296", "price": "120470.00000000", "time": "2025-07-14T15:10:38.672265Z", "fetched_at": "2025-07-14T15:10:49.284123+00:00", "symbol": "BTC-USD"}, {"trade_id": 848806670, "side": "sell", "size": "0.01055966", "price": "120469.99000000", "time": "2025-07-14T15:10:38.672265Z", "fetched_at": "2025-07-14T15:10:49.284123+00:00", "symbol": "BTC-USD"}, {"trade_id": 848806669, "side": "sell", "size": "0.00009644", "price": "120469.82000000", "time": "2025-07-14T15:10:38.672265Z", "fetched_at": "2025-07-14T15:10:49.284123+00:00", "symbol": "BTC-USD"}, {"trade_id": 848806668, "side": "buy", "size": "0.00002969", "price": "120469.81000000", "time": "2025-07-14T15:10:38.273557Z", "fetched_at": "2025-07-14T15:10:49.284123+00:00", "symbol": "BTC-USD"}, {"trade_id": 848806667, "side": "buy", "size": "0.01629413", "price": "120448.27000000", "time": "2025-07-14T15:10:38.121549Z", "fetched_at": "2025-07-14T15:10:49.284123+00:00", "symbol": "BTC-USD"}, {"trade_id": 848806666, "side": "buy", "size": "0.01758059", "price": "120453.38000000", "time": "2025-07-14T15:10:38.121549Z", "fetched_at": "2025-07-14T15:10:49.284123+00:00", "symbol": "BTC-USD"}, {"trade_id": 848806665, "side": "buy", "size": "0.01054835", "price": "120453.39000000", "time": "2025-07-14T15:10:38.121549Z", "fetched_at": "2025-07-14T15:10:49.284123+00:00", "symbol": "BTC-USD"}, {"trade_id": 848806664, "side": "buy", "size": "0.08301767", "price": "120456.27000000", "time": "2025-07-14T15:10:38.121549Z", "fetched_at": "2025-07-14T15:10:49.284123+00:00", "symbol": "BTC-USD"}, {"trade_id": 848806663, "side": "buy", "size": "0.04981060", "price": "120456.28000000", "time": "2025-07-14T15:10:38.121549Z", "fetched_at": "2025-07-14T15:10:49.284123+00:00", "symbol": "BTC-USD"}, {"trade_id": 848806662, "side": "buy", "size": "0.02348940", "price": "120456.29000000", "time": "2025-07-14T15:10:38.121549Z", "fetched_at": "2025-07-14T15:10:49.284123+00:00", "symbol": "BTC-USD"}, {"trade_id": 848806661, "side": "buy", "size": "0.00500000", "price": "120460.74000000", "time": "2025-07-14T15:10:38.121549Z", "fetched_at": "2025-07-14T15:10:49.284123+00:00", "symbol": "BTC-USD"}, {"trade_id": 848806660, "side": "buy", "size": "0.05781803", "price": "120466.22000000", "time": "2025-07-14T15:10:38.121549Z", "fetched_at": "2025-07-14T15:10:49.284123+00:00", "symbol": "BTC-USD"}, {"trade_id": 848806659, "side": "buy", "size": "0.00448266", "price": "120468.40000000", "time": "2025-07-14T15:10:38.121549Z", "fetched_at": "2025-07-14T15:10:49.284123+00:00", "symbol": "BTC-USD"}, {"trade_id": 848806658, "side": "buy", "size": "0.00829861", "price": "120469.81000000", "time": "2025-07-14T15:10:38.121549Z", "fetched_at": "2025-07-14T15:10:49.284123+00:00", "symbol": "BTC-USD"}, {"trade_id": 848806657, "side": "buy", "size": "0.00830083", "price": "120469.84000000", "time": "2025-07-14T15:10:38.121549Z", "fetched_at": "2025-07-14T15:10:49.284123+00:00", "symbol": "BTC-USD"}, {"trade_id": 848806656, "side": "buy", "size": "0.00830070", "price": "120471.65000000", "time": "2025-07-14T15:10:38.121549Z", "fetched_at": "2025-07-14T15:10:49.284123+00:00", "symbol": "BTC-USD"}, {"trade_id": 848806655, "side": "buy", "size": "0.00830000", "price": "120481.90000000", "time": "2025-07-14T15:10:37.775697Z", "fetched_at": "2025-07-14T15:10:49.284123+00:00", "symbol": "BTC-USD"}, {"trade_id": 848806654, "side": "buy", "size": "0.00829765", "price": "120481.91000000", "time": "2025-07-14T15:10:37.775697Z", "fetched_at": "2025-07-14T15:10:49.284123+00:00", "symbol": "BTC-USD"}, {"trade_id": 848806653, "side": "sell", "size": "0.00000074", "price": "120479.79000000", "time": "2025-07-14T15:10:37.647971Z", "fetched_at": "2025-07-14T15:10:49.284123+00:00", "symbol": "BTC-USD"}, {"trade_id": 848806652, "side": "sell", "size": "0.04572198", "price": "120479.61000000", "time": "2025-07-14T15:10:37.647971Z", "fetched_at": "2025-07-14T15:10:49.284123+00:00", "symbol": "BTC-USD"}, {"trade_id": 848806651, "side": "sell", "size": "0.00009644", "price": "120477.54000000", "time": "2025-07-14T15:10:37.633350Z", "fetched_at": "2025-07-14T15:10:49.284123+00:00", "symbol": "BTC-USD"}, {"trade_id": 848806650, "side": "sell", "size": "0.04654952", "price": "120471.16000000", "time": "2025-07-14T15:10:37.626987Z", "fetched_at": "2025-07-14T15:10:49.284123+00:00", "symbol": "BTC-USD"}, {"trade_id": 848806649, "side": "sell", "size": "0.00010000", "price": "120471.15000000", "time": "2025-07-14T15:10:37.588659Z", "fetched_at": "2025-07-14T15:10:49.284123+00:00", "symbol": "BTC-USD"}, {"trade_id": 848806648, "side": "sell", "size": "0.02050610", "price": "120468.98000000", "time": "2025-07-14T15:10:37.422526Z", "fetched_at": "2025-07-14T15:10:49.284123+00:00", "symbol": "BTC-USD"}, {"trade_id": 848806647, "side": "sell", "size": "0.14659956", "price": "120466.27000000", "time": "2025-07-14T15:10:36.957953Z", "fetched_at": "2025-07-14T15:10:49.284123+00:00", "symbol": "BTC-USD"}, {"trade_id": 848806646, "side": "sell", "size": "0.02240839", "price": "120466.26000000", "time": "2025-07-14T15:10:36.957953Z", "fetched_at": "2025-07-14T15:10:49.284123+00:00", "symbol": "BTC-USD"}, {"trade_id": 848806645, "side": "sell", "size": "0.03154094", "price": "120466.23000000", "time": "2025-07-14T15:10:36.957953Z", "fetched_at": "2025-07-14T15:10:49.284123+00:00", "symbol": "BTC-USD"}, {"trade_id": 848806644, "side": "sell", "size": "0.00082175", "price": "120466.24000000", "time": "2025-07-14T15:10:36.481154Z", "fetched_at": "2025-07-14T15:10:49.284123+00:00", "symbol": "BTC-USD"}, {"trade_id": 848806643, "side": "buy", "size": "0.00829809", "price": "120468.84000000", "time": "2025-07-14T15:10:36.275466Z", "fetched_at": "2025-07-14T15:10:49.284123+00:00", "symbol": "BTC-USD"}, {"trade_id": 848806642, "side": "buy", "size": "0.00830069", "price": "120471.79000000", "time": "2025-07-14T15:10:36.275466Z", "fetched_at": "2025-07-14T15:10:49.284123+00:00", "symbol": "BTC-USD"}, {"trade_id": 848806641, "side": "buy", "size": "0.00830064", "price": "120472.71000000", "time": "2025-07-14T15:10:36.275466Z", "fetched_at": "2025-07-14T15:10:49.284123+00:00", "symbol": "BTC-USD"}, {"trade_id": 848806640, "side": "buy", "size": "0.07760238", "price": "120474.52000000", "time": "2025-07-14T15:10:36.275466Z", "fetched_at": "2025-07-14T15:10:49.284123+00:00", "symbol": "BTC-USD"}, {"trade_id": 848806639, "side": "sell", "size": "0.00011259", "price": "120475.74000000", "time": "2025-07-14T15:10:36.109481Z", "fetched_at": "2025-07-14T15:10:49.284123+00:00", "symbol": "BTC-USD"}, {"trade_id": 848806638, "side": "sell", "size": "0.00205425", "price": "120475.77000000", "time": "2025-07-14T15:10:36.010677Z", "fetched_at": "2025-07-14T15:10:49.284123+00:00", "symbol": "BTC-USD"}, {"trade_id": 848806637, "side": "buy", "size": "0.00076151", "price": "120448.15000000", "time": "2025-07-14T15:10:35.863234Z", "fetched_at": "2025-07-14T15:10:49.284123+00:00", "symbol": "BTC-USD"}, {"trade_id": 848806636, "side": "sell", "size": "0.00197960", "price": "120475.85000000", "time": "2025-07-14T15:10:35.829601Z", "fetched_at": "2025-07-14T15:10:49.284123+00:00", "symbol": "BTC-USD"}, {"trade_id": 848806635, "side": "buy", "size": "0.20117020", "price": "120448.13000000", "time": "2025-07-14T15:10:35.793048Z", "fetched_at": "2025-07-14T15:10:49.284123+00:00", "symbol": "BTC-USD"}, {"trade_id": 848806634, "side": "buy", "size": "0.10318727", "price": "120448.13000000", "time": "2025-07-14T15:10:35.793048Z", "fetched_at": "2025-07-14T15:10:49.284123+00:00", "symbol": "BTC-USD"}, {"trade_id": 848806633, "side": "buy", "size": "0.00340454", "price": "120448.83000000", "time": "2025-07-14T15:10:35.793048Z", "fetched_at": "2025-07-14T15:10:49.284123+00:00", "symbol": "BTC-USD"}, {"trade_id": 848806632, "side": "buy", "size": "0.00020506", "price": "120448.83000000", "time": "2025-07-14T15:10:35.793048Z", "fetched_at": "2025-07-14T15:10:49.284123+00:00", "symbol": "BTC-USD"}, {"trade_id": 848806631, "side": "buy", "size": "0.00637316", "price": "120449.42000000", "time": "2025-07-14T15:10:35.793048Z", "fetched_at": "2025-07-14T15:10:49.284123+00:00", "symbol": "BTC-USD"}, {"trade_id": 848806630, "side": "buy", "size": "0.00004152", "price": "120450.00000000", "time": "2025-07-14T15:10:35.793048Z", "fetched_at": "2025-07-14T15:10:49.284123+00:00", "symbol": "BTC-USD"}, {"trade_id": 848806629, "side": "buy", "size": "0.00061309", "price": "120451.74000000", "time": "2025-07-14T15:10:35.793048Z", "fetched_at": "2025-07-14T15:10:49.284123+00:00", "symbol": "BTC-USD"}, {"trade_id": 848806628, "side": "buy", "size": "0.02500000", "price": "120452.07000000", "time": "2025-07-14T15:10:35.793048Z", "fetched_at": "2025-07-14T15:10:49.284123+00:00", "symbol": "BTC-USD"}, {"trade_id": 848806627, "side": "buy", "size": "0.00500000", "price": "120452.07000000", "time": "2025-07-14T15:10:35.793048Z", "fetched_at": "2025-07-14T15:10:49.284123+00:00", "symbol": "BTC-USD"}, {"trade_id": 848806626, "side": "buy", "size": "0.03060382", "price": "120453.50000000", "time": "2025-07-14T15:10:35.793048Z", "fetched_at": "2025-07-14T15:10:49.284123+00:00", "symbol": "BTC-USD"}, {"trade_id": 848806625, "side": "buy", "size": "0.04274471", "price": "120453.95000000", "time": "2025-07-14T15:10:35.793048Z", "fetched_at": "2025-07-14T15:10:49.284123+00:00", "symbol": "BTC-USD"}, {"trade_id": 848806624, "side": "buy", "size": "0.01674176", "price": "120460.98000000", "time": "2025-07-14T15:10:35.793048Z", "fetched_at": "2025-07-14T15:10:49.284123+00:00", "symbol": "BTC-USD"}, {"trade_id": 848806623, "side": "buy", "size": "0.08301404", "price": "120461.54000000", "time": "2025-07-14T15:10:35.793048Z", "fetched_at": "2025-07-14T15:10:49.284123+00:00", "symbol": "BTC-USD"}, {"trade_id": 848806622, "side": "buy", "size": "0.01725214", "price": "120461.92000000", "time": "2025-07-14T15:10:35.793048Z", "fetched_at": "2025-07-14T15:10:49.284123+00:00", "symbol": "BTC-USD"}, {"trade_id": 848806621, "side": "buy", "size": "0.00830037", "price": "120476.57000000", "time": "2025-07-14T15:10:35.793048Z", "fetched_at": "2025-07-14T15:10:49.284123+00:00", "symbol": "BTC-USD"}, {"trade_id": 848806620, "side": "buy", "size": "0.00829760", "price": "120476.76000000", "time": "2025-07-14T15:10:35.793048Z", "fetched_at": "2025-07-14T15:10:49.284123+00:00", "symbol": "BTC-USD"}, {"trade_id": 848806619, "side": "buy", "size": "0.00000199", "price": "120478.38000000", "time": "2025-07-14T15:10:35.793048Z", "fetched_at": "2025-07-14T15:10:49.284123+00:00", "symbol": "BTC-USD"}, {"trade_id": 848806618, "side": "sell", "size": "0.00003902", "price": "120479.86000000", "time": "2025-07-14T15:10:35.621065Z", "fetched_at": "2025-07-14T15:10:49.284123+00:00", "symbol": "BTC-USD"}, {"trade_id": 848806617, "side": "sell", "size": "0.00002804", "price": "120479.87000000", "time": "2025-07-14T15:10:35.575001Z", "fetched_at": "2025-07-14T15:10:49.284123+00:00", "symbol": "BTC-USD"}, {"trade_id": 848806616, "side": "sell", "size": "0.00000008", "price": "120479.88000000", "time": "2025-07-14T15:10:35.539901Z", "fetched_at": "2025-07-14T15:10:49.284123+00:00", "symbol": "BTC-USD"}, {"trade_id": 848806615, "side": "sell", "size": "0.00000033", "price": "120479.88000000", "time": "2025-07-14T15:10:35.518010Z", "fetched_at": "2025-07-14T15:10:49.284123+00:00", "symbol": "BTC-USD"}, {"trade_id": 848806614, "side": "sell", "size": "0.00082130", "price": "120479.89000000", "time": "2025-07-14T15:10:35.500249Z", "fetched_at": "2025-07-14T15:10:49.284123+00:00", "symbol": "BTC-USD"}, {"trade_id": 848806613, "side": "buy", "size": "0.03221737", "price": "120461.74000000", "time": "2025-07-14T15:10:35.429209Z", "fetched_at": "2025-07-14T15:10:49.284123+00:00", "symbol": "BTC-USD"}, {"trade_id": 848806612, "side": "buy", "size": "0.03414265", "price": "120461.76000000", "time": "2025-07-14T15:10:35.429209Z", "fetched_at": "2025-07-14T15:10:49.284123+00:00", "symbol": "BTC-USD"}, {"trade_id": 848806611, "side": "buy", "size": "0.00000124", "price": "120477.11000000", "time": "2025-07-14T15:10:35.429209Z", "fetched_at": "2025-07-14T15:10:49.284123+00:00", "symbol": "BTC-USD"}, {"trade_id": 848806610, "side": "buy", "size": "0.00000066", "price": "120477.90000000", "time": "2025-07-14T15:10:35.429209Z", "fetched_at": "2025-07-14T15:10:49.284123+00:00", "symbol": "BTC-USD"}, {"trade_id": 848806609, "side": "buy", "size": "0.00000390", "price": "120477.90000000", "time": "2025-07-14T15:10:35.429209Z", "fetched_at": "2025-07-14T15:10:49.284123+00:00", "symbol": "BTC-USD"}, {"trade_id": 848806608, "side": "buy", "size": "0.00830026", "price": "120478.09000000", "time": "2025-07-14T15:10:35.429209Z", "fetched_at": "2025-07-14T15:10:49.284123+00:00", "symbol": "BTC-USD"}, {"trade_id": 848806607, "side": "buy", "size": "0.00829759", "price": "120479.91000000", "time": "2025-07-14T15:10:35.429209Z", "fetched_at": "2025-07-14T15:10:49.284123+00:00", "symbol": "BTC-USD"}, {"trade_id": 848806606, "side": "sell", "size": "0.00012327", "price": "120479.92000000", "time": "2025-07-14T15:10:35.317138Z", "fetched_at": "2025-07-14T15:10:49.284123+00:00", "symbol": "BTC-USD"}, {"trade_id": 848806605, "side": "sell", "size": "0.00000011", "price": "120479.76000000", "time": "2025-07-14T15:10:34.818456Z", "fetched_at": "2025-07-14T15:10:49.284123+00:00", "symbol": "BTC-USD"}, {"trade_id": 848806604, "side": "sell", "size": "0.00033432", "price": "120479.04000000", "time": "2025-07-14T15:10:34.778787Z", "fetched_at": "2025-07-14T15:10:49.284123+00:00", "symbol": "BTC-USD"}, {"trade_id": 848806603, "side": "sell", "size": "0.00000539", "price": "120477.91000000", "time": "2025-07-14T15:10:34.778787Z", "fetched_at": "2025-07-14T15:10:49.284123+00:00", "symbol": "BTC-USD"}, {"trade_id": 848806602, "side": "sell", "size": "0.00017247", "price": "120477.91000000", "time": "2025-07-14T15:10:34.778787Z", "fetched_at": "2025-07-14T15:10:49.284123+00:00", "symbol": "BTC-USD"}, {"trade_id": 848806601, "side": "sell", "size": "0.01078166", "price": "120479.70000000", "time": "2025-07-14T15:10:34.581549Z", "fetched_at": "2025-07-14T15:10:49.284123+00:00", "symbol": "BTC-USD"}, {"trade_id": 848806600, "side": "sell", "size": "0.00042000", "price": "120479.69000000", "time": "2025-07-14T15:10:34.581549Z", "fetched_at": "2025-07-14T15:10:49.284123+00:00", "symbol": "BTC-USD"}, {"trade_id": 848806599, "side": "sell", "size": "0.00514600", "price": "120479.46000000", "time": "2025-07-14T15:10:34.581549Z", "fetched_at": "2025-07-14T15:10:49.284123+00:00", "symbol": "BTC-USD"}, {"trade_id": 848806598, "side": "buy", "size": "0.08301404", "price": "120461.54000000", "time": "2025-07-14T15:10:33.761042Z", "fetched_at": "2025-07-14T15:10:49.284123+00:00", "symbol": "BTC-USD"}, {"trade_id": 848806597, "side": "buy", "size": "0.01700210", "price": "120462.00000000", "time": "2025-07-14T15:10:33.761042Z", "fetched_at": "2025-07-14T15:10:49.284123+00:00", "symbol": "BTC-USD"}, {"trade_id": 848806596, "side": "buy", "size": "0.03060382", "price": "120462.90000000", "time": "2025-07-14T15:10:33.761042Z", "fetched_at": "2025-07-14T15:10:49.284123+00:00", "symbol": "BTC-USD"}, {"trade_id": 848806595, "side": "buy", "size": "0.08300867", "price": "120469.33000000", "time": "2025-07-14T15:10:33.761042Z", "fetched_at": "2025-07-14T15:10:49.284123+00:00", "symbol": "BTC-USD"}, {"trade_id": 848806594, "side": "buy", "size": "0.01000000", "price": "120469.34000000", "time": "2025-07-14T15:10:33.761042Z", "fetched_at": "2025-07-14T15:10:49.284123+00:00", "symbol": "BTC-USD"}, {"trade_id": 848806593, "side": "buy", "size": "0.00468852", "price": "120469.35000000", "time": "2025-07-14T15:10:33.761042Z", "fetched_at": "2025-07-14T15:10:49.284123+00:00", "symbol": "BTC-USD"}, {"trade_id": 848806592, "side": "buy", "size": "0.04308163", "price": "120481.39000000", "time": "2025-07-14T15:10:33.730781Z", "fetched_at": "2025-07-14T15:10:49.284123+00:00", "symbol": "BTC-USD"}, {"trade_id": 848806591, "side": "buy", "size": "0.01472763", "price": "120481.39000000", "time": "2025-07-14T15:10:33.720910Z", "fetched_at": "2025-07-14T15:10:49.284123+00:00", "symbol": "BTC-USD"}, {"trade_id": 848806590, "side": "buy", "size": "0.00829998", "price": "120482.15000000", "time": "2025-07-14T15:10:33.720910Z", "fetched_at": "2025-07-14T15:10:49.284123+00:00", "symbol": "BTC-USD"}, {"trade_id": 848806589, "side": "buy", "size": "0.00829750", "price": "120483.33000000", "time": "2025-07-14T15:10:33.720910Z", "fetched_at": "2025-07-14T15:10:49.284123+00:00", "symbol": "BTC-USD"}, {"trade_id": 848806588, "side": "buy", "size": "0.00000107", "price": "120495.20000000", "time": "2025-07-14T15:10:33.269414Z", "fetched_at": "2025-07-14T15:10:49.284123+00:00", "symbol": "BTC-USD"}, {"trade_id": 848806587, "side": "buy", "size": "0.00000257", "price": "120495.20000000", "time": "2025-07-14T15:10:33.269414Z", "fetched_at": "2025-07-14T15:10:49.284123+00:00", "symbol": "BTC-USD"}, {"trade_id": 848806586, "side": "buy", "size": "0.00065198", "price": "120495.20000000", "time": "2025-07-14T15:10:33.269414Z", "fetched_at": "2025-07-14T15:10:49.284123+00:00", "symbol": "BTC-USD"}, {"trade_id": 848806585, "side": "sell", "size": "0.00800000", "price": "120495.21000000", "time": "2025-07-14T15:10:32.546938Z", "fetched_at": "2025-07-14T15:10:49.284123+00:00", "symbol": "BTC-USD"}, {"trade_id": 848806584, "side": "buy", "size": "0.00829879", "price": "120499.37000000", "time": "2025-07-14T15:10:32.477335Z", "fetched_at": "2025-07-14T15:10:49.284123+00:00", "symbol": "BTC-USD"}, {"trade_id": 848806583, "side": "buy", "size": "0.00829628", "price": "120500.06000000", "time": "2025-07-14T15:10:32.467950Z", "fetched_at": "2025-07-14T15:10:49.284123+00:00", "symbol": "BTC-USD"}, {"trade_id": 848806582, "side": "buy", "size": "0.02586371", "price": "120501.25000000", "time": "2025-07-14T15:10:32.467950Z", "fetched_at": "2025-07-14T15:10:49.284123+00:00", "symbol": "BTC-USD"}, {"trade_id": 848806581, "side": "sell", "size": "0.00009643", "price": "120496.88000000", "time": "2025-07-14T15:10:32.137481Z", "fetched_at": "2025-07-14T15:10:49.284123+00:00", "symbol": "BTC-USD"}, {"trade_id": 848806580, "side": "sell", "size": "0.00806901", "price": "120496.88000000", "time": "2025-07-14T15:10:32.127878Z", "fetched_at": "2025-07-14T15:10:49.284123+00:00", "symbol": "BTC-USD"}, {"trade_id": 848806579, "side": "sell", "size": "0.00022996", "price": "120496.88000000", "time": "2025-07-14T15:10:32.124889Z", "fetched_at": "2025-07-14T15:10:49.284123+00:00", "symbol": "BTC-USD"}, {"trade_id": 848806578, "side": "sell", "size": "0.00022996", "price": "120500.89000000", "time": "2025-07-14T15:10:32.121714Z", "fetched_at": "2025-07-14T15:10:49.284123+00:00", "symbol": "BTC-USD"}, {"trade_id": 848806577, "side": "buy", "size": "0.00042000", "price": "120500.97000000", "time": "2025-07-14T15:10:32.098973Z", "fetched_at": "2025-07-14T15:10:49.284123+00:00", "symbol": "BTC-USD"}, {"trade_id": 848806576, "side": "sell", "size": "0.00003097", "price": "120500.98000000", "time": "2025-07-14T15:10:32.097975Z", "fetched_at": "2025-07-14T15:10:49.284123+00:00", "symbol": "BTC-USD"}, {"trade_id": 848806575, "side": "sell", "size": "0.00003450", "price": "120500.98000000", "time": "2025-07-14T15:10:32.095704Z", "fetched_at": "2025-07-14T15:10:49.284123+00:00", "symbol": "BTC-USD"}, {"trade_id": 848806574, "side": "sell", "size": "0.00003097", "price": "120500.98000000", "time": "2025-07-14T15:10:32.089464Z", "fetched_at": "2025-07-14T15:10:49.284123+00:00", "symbol": "BTC-USD"}, {"trade_id": 848806573, "side": "sell", "size": "0.00829909", "price": "120495.07000000", "time": "2025-07-14T15:10:32.081269Z", "fetched_at": "2025-07-14T15:10:49.284123+00:00", "symbol": "BTC-USD"}, {"trade_id": 848806572, "side": "sell", "size": "0.04800000", "price": "120493.26000000", "time": "2025-07-14T15:10:32.081269Z", "fetched_at": "2025-07-14T15:10:49.284123+00:00", "symbol": "BTC-USD"}, {"trade_id": 848806571, "side": "sell", "size": "0.00829921", "price": "120493.26000000", "time": "2025-07-14T15:10:31.873544Z", "fetched_at": "2025-07-14T15:10:49.284123+00:00", "symbol": "BTC-USD"}, {"trade_id": 848806570, "side": "sell", "size": "0.00414960", "price": "120493.26000000", "time": "2025-07-14T15:10:31.873073Z", "fetched_at": "2025-07-14T15:10:49.284123+00:00", "symbol": "BTC-USD"}, {"trade_id": 848806569, "side": "sell", "size": "0.04800000", "price": "120481.40000000", "time": "2025-07-14T15:10:31.739608Z", "fetched_at": "2025-07-14T15:10:49.284123+00:00", "symbol": "BTC-USD"}, {"trade_id": 848806568, "side": "sell", "size": "0.00002066", "price": "120481.40000000", "time": "2025-07-14T15:10:31.739608Z", "fetched_at": "2025-07-14T15:10:49.284123+00:00", "symbol": "BTC-USD"}, {"trade_id": 848806567, "side": "sell", "size": "0.04800000", "price": "120475.97000000", "time": "2025-07-14T15:10:31.476371Z", "fetched_at": "2025-07-14T15:10:49.284123+00:00", "symbol": "BTC-USD"}, {"trade_id": 848806566, "side": "sell", "size": "0.00024401", "price": "120476.13000000", "time": "2025-07-14T15:10:31.459534Z", "fetched_at": "2025-07-14T15:10:49.284123+00:00", "symbol": "BTC-USD"}, {"trade_id": 848806565, "side": "sell", "size": "0.00012801", "price": "120476.11000000", "time": "2025-07-14T15:10:31.459534Z", "fetched_at": "2025-07-14T15:10:49.284123+00:00", "symbol": "BTC-USD"}, {"trade_id": 848806564, "side": "sell", "size": "0.00023076", "price": "120476.01000000", "time": "2025-07-14T15:10:31.459534Z", "fetched_at": "2025-07-14T15:10:49.284123+00:00", "symbol": "BTC-USD"}, {"trade_id": 848806563, "side": "sell", "size": "0.01000000", "price": "120475.98000000", "time": "2025-07-14T15:10:31.459534Z", "fetched_at": "2025-07-14T15:10:49.284123+00:00", "symbol": "BTC-USD"}, {"trade_id": 848806562, "side": "sell", "size": "0.00017069", "price": "120475.98000000", "time": "2025-07-14T15:10:31.459534Z", "fetched_at": "2025-07-14T15:10:49.284123+00:00", "symbol": "BTC-USD"}, {"trade_id": 848806561, "side": "buy", "size": "0.01112396", "price": "120455.24000000", "time": "2025-07-14T15:10:31.428439Z", "fetched_at": "2025-07-14T15:10:49.284123+00:00", "symbol": "BTC-USD"}, {"trade_id": 848806560, "side": "buy", "size": "0.00000001", "price": "120458.71000000", "time": "2025-07-14T15:10:31.428439Z", "fetched_at": "2025-07-14T15:10:49.284123+00:00", "symbol": "BTC-USD"}, {"trade_id": 848806559, "side": "buy", "size": "0.00000001", "price": "120467.05000000", "time": "2025-07-14T15:10:31.428439Z", "fetched_at": "2025-07-14T15:10:49.284123+00:00", "symbol": "BTC-USD"}, {"trade_id": 848806558, "side": "buy", "size": "0.00000024", "price": "120467.06000000", "time": "2025-07-14T15:10:31.428439Z", "fetched_at": "2025-07-14T15:10:49.284123+00:00", "symbol": "BTC-USD"}, {"trade_id": 848806557, "side": "buy", "size": "0.00000088", "price": "120467.06000000", "time": "2025-07-14T15:10:31.428439Z", "fetched_at": "2025-07-14T15:10:49.284123+00:00", "symbol": "BTC-USD"}, {"trade_id": 848806556, "side": "buy", "size": "0.05782037", "price": "120467.06000000", "time": "2025-07-14T15:10:31.428439Z", "fetched_at": "2025-07-14T15:10:49.284123+00:00", "symbol": "BTC-USD"}, {"trade_id": 848806555, "side": "buy", "size": "0.06118660", "price": "120467.06000000", "time": "2025-07-14T15:10:31.428439Z", "fetched_at": "2025-07-14T15:10:49.284123+00:00", "symbol": "BTC-USD"}, {"trade_id": 848806554, "side": "buy", "size": "0.07140486", "price": "120467.10000000", "time": "2025-07-14T15:10:31.428439Z", "fetched_at": "2025-07-14T15:10:49.284123+00:00", "symbol": "BTC-USD"}, {"trade_id": 848806553, "side": "buy", "size": "0.00830034", "price": "120476.90000000", "time": "2025-07-14T15:10:31.428439Z", "fetched_at": "2025-07-14T15:10:49.284123+00:00", "symbol": "BTC-USD"}, {"trade_id": 848806552, "side": "sell", "size": "0.00000805", "price": "120476.90000000", "time": "2025-07-14T15:10:31.355158Z", "fetched_at": "2025-07-14T15:10:49.284123+00:00", "symbol": "BTC-USD"}, {"trade_id": 848806551, "side": "sell", "size": "0.00295544", "price": "120476.90000000", "time": "2025-07-14T15:10:31.235941Z", "fetched_at": "2025-07-14T15:10:49.284123+00:00", "symbol": "BTC-USD"}, {"trade_id": 848806550, "side": "sell", "size": "0.00009641", "price": "120476.90000000", "time": "2025-07-14T15:10:31.235941Z", "fetched_at": "2025-07-14T15:10:49.284123+00:00", "symbol": "BTC-USD"}, {"trade_id": 848806549, "side": "buy", "size": "0.00073786", "price": "120476.89000000", "time": "2025-07-14T15:10:31.224163Z", "fetched_at": "2025-07-14T15:10:49.284123+00:00", "symbol": "BTC-USD"}, {"trade_id": 848806548, "side": "sell", "size": "0.00830090", "price": "120468.88000000", "time": "2025-07-14T15:10:31.002948Z", "fetched_at": "2025-07-14T15:10:49.284123+00:00", "symbol": "BTC-USD"}, {"trade_id": 848806547, "side": "sell", "size": "0.04800000", "price": "120467.07000000", "time": "2025-07-14T15:10:30.997165Z", "fetched_at": "2025-07-14T15:10:49.284123+00:00", "symbol": "BTC-USD"}, {"trade_id": 848806546, "side": "buy", "size": "0.01642806", "price": "120467.06000000", "time": "2025-07-14T15:10:30.665137Z", "fetched_at": "2025-07-14T15:10:49.284123+00:00", "symbol": "BTC-USD"}, {"trade_id": 848806545, "side": "buy", "size": "0.00000062", "price": "120467.06000000", "time": "2025-07-14T15:10:30.665137Z", "fetched_at": "2025-07-14T15:10:49.284123+00:00", "symbol": "BTC-USD"}, {"trade_id": 848806544, "side": "sell", "size": "0.01576766", "price": "120467.07000000", "time": "2025-07-14T15:10:30.472626Z", "fetched_at": "2025-07-14T15:10:49.284123+00:00", "symbol": "BTC-USD"}, {"trade_id": 848806543, "side": "sell", "size": "0.02718161", "price": "120467.07000000", "time": "2025-07-14T15:10:30.472626Z", "fetched_at": "2025-07-14T15:10:49.284123+00:00", "symbol": "BTC-USD"}, {"trade_id": 848806542, "side": "sell", "size": "0.04800000", "price": "120467.07000000", "time": "2025-07-14T15:10:30.472626Z", "fetched_at": "2025-07-14T15:10:49.284123+00:00", "symbol": "BTC-USD"}, {"trade_id": 848806541, "side": "sell", "size": "0.00414700", "price": "120467.07000000", "time": "2025-07-14T15:10:30.341555Z", "fetched_at": "2025-07-14T15:10:49.284123+00:00", "symbol": "BTC-USD"}, {"trade_id": 848806540, "side": "sell", "size": "0.00032253", "price": "120467.07000000", "time": "2025-07-14T15:10:30.094906Z", "fetched_at": "2025-07-14T15:10:49.284123+00:00", "symbol": "BTC-USD"}, {"trade_id": 848806539, "side": "sell", "size": "0.00044069", "price": "120467.07000000", "time": "2025-07-14T15:10:30.055229Z", "fetched_at": "2025-07-14T15:10:49.284123+00:00", "symbol": "BTC-USD"}, {"trade_id": 848806538, "side": "sell", "size": "0.00042000", "price": "120468.43000000", "time": "2025-07-14T15:10:29.987413Z", "fetched_at": "2025-07-14T15:10:49.284123+00:00", "symbol": "BTC-USD"}, {"trade_id": 848806537, "side": "buy", "size": "0.00830016", "price": "120479.58000000", "time": "2025-07-14T15:10:29.773083Z", "fetched_at": "2025-07-14T15:10:49.284123+00:00", "symbol": "BTC-USD"}, {"trade_id": 848806536, "side": "buy", "size": "0.00000049", "price": "120481.39000000", "time": "2025-07-14T15:10:29.773083Z", "fetched_at": "2025-07-14T15:10:49.284123+00:00", "symbol": "BTC-USD"}, {"trade_id": 848806535, "side": "buy", "size": "0.00829764", "price": "120481.39000000", "time": "2025-07-14T15:10:29.773083Z", "fetched_at": "2025-07-14T15:10:49.284123+00:00", "symbol": "BTC-USD"}, {"trade_id": 848806534, "side": "sell", "size": "0.00000019", "price": "120481.40000000", "time": "2025-07-14T15:10:29.766060Z", "fetched_at": "2025-07-14T15:10:49.284123+00:00", "symbol": "BTC-USD"}, {"trade_id": 848806533, "side": "sell", "size": "0.00157407", "price": "120481.40000000", "time": "2025-07-14T15:10:29.714828Z", "fetched_at": "2025-07-14T15:10:49.284123+00:00", "symbol": "BTC-USD"}, {"trade_id": 848806532, "side": "buy", "size": "0.01755955", "price": "120486.08000000", "time": "2025-07-14T15:10:29.255913Z", "fetched_at": "2025-07-14T15:10:49.284123+00:00", "symbol": "BTC-USD"}, {"trade_id": 848806531, "side": "buy", "size": "0.00500006", "price": "120491.66000000", "time": "2025-07-14T15:10:29.255913Z", "fetched_at": "2025-07-14T15:10:49.284123+00:00", "symbol": "BTC-USD"}, {"trade_id": 848806530, "side": "buy", "size": "0.00000190", "price": "120498.99000000", "time": "2025-07-14T15:10:29.255913Z", "fetched_at": "2025-07-14T15:10:49.284123+00:00", "symbol": "BTC-USD"}, {"trade_id": 848806529, "side": "buy", "size": "0.00000008", "price": "120498.99000000", "time": "2025-07-14T15:10:29.255913Z", "fetched_at": "2025-07-14T15:10:49.284123+00:00", "symbol": "BTC-USD"}, {"trade_id": 848806528, "side": "buy", "size": "0.00000116", "price": "120502.16000000", "time": "2025-07-14T15:10:29.232537Z", "fetched_at": "2025-07-14T15:10:49.284123+00:00", "symbol": "BTC-USD"}, {"trade_id": 848806527, "side": "buy", "size": "0.00829853", "price": "120503.32000000", "time": "2025-07-14T15:10:29.232537Z", "fetched_at": "2025-07-14T15:10:49.284123+00:00", "symbol": "BTC-USD"}, {"trade_id": 848806526, "side": "buy", "size": "0.00000830", "price": "120506.21000000", "time": "2025-07-14T15:10:29.232537Z", "fetched_at": "2025-07-14T15:10:49.284123+00:00", "symbol": "BTC-USD"}, {"trade_id": 848806525, "side": "buy", "size": "0.00829445", "price": "120512.60000000", "time": "2025-07-14T15:10:29.100399Z", "fetched_at": "2025-07-14T15:10:49.284123+00:00", "symbol": "BTC-USD"}, {"trade_id": 848806524, "side": "buy", "size": "0.00000008", "price": "120514.42000000", "time": "2025-07-14T15:10:29.100399Z", "fetched_at": "2025-07-14T15:10:49.284123+00:00", "symbol": "BTC-USD"}, {"trade_id": 848806523, "side": "buy", "size": "0.00000091", "price": "120514.42000000", "time": "2025-07-14T15:10:29.100399Z", "fetched_at": "2025-07-14T15:10:49.284123+00:00", "symbol": "BTC-USD"}, {"trade_id": 848806522, "side": "buy", "size": "0.00691949", "price": "120521.81000000", "time": "2025-07-14T15:10:28.933663Z", "fetched_at": "2025-07-14T15:10:49.284123+00:00", "symbol": "BTC-USD"}, {"trade_id": 848806521, "side": "sell", "size": "0.00018998", "price": "120526.67000000", "time": "2025-07-14T15:10:28.691739Z", "fetched_at": "2025-07-14T15:10:49.284123+00:00", "symbol": "BTC-USD"}, {"trade_id": 848806520, "side": "sell", "size": "0.00001000", "price": "120521.28000000", "time": "2025-07-14T15:10:28.691739Z", "fetched_at": "2025-07-14T15:10:49.284123+00:00", "symbol": "BTC-USD"}, {"trade_id": 848806519, "side": "sell", "size": "0.00001246", "price": "120520.71000000", "time": "2025-07-14T15:10:28.691739Z", "fetched_at": "2025-07-14T15:10:49.284123+00:00", "symbol": "BTC-USD"}, {"trade_id": 848806518, "side": "sell", "size": "0.00000746", "price": "120520.32000000", "time": "2025-07-14T15:10:28.691739Z", "fetched_at": "2025-07-14T15:10:49.284123+00:00", "symbol": "BTC-USD"}, {"trade_id": 848806517, "side": "sell", "size": "0.01499493", "price": "120511.41000000", "time": "2025-07-14T15:10:28.685166Z", "fetched_at": "2025-07-14T15:10:49.284123+00:00", "symbol": "BTC-USD"}, {"trade_id": 848806516, "side": "sell", "size": "0.00067261", "price": "120511.41000000", "time": "2025-07-14T15:10:28.683063Z", "fetched_at": "2025-07-14T15:10:49.284123+00:00", "symbol": "BTC-USD"}, {"trade_id": 848806515, "side": "sell", "size": "0.00001034", "price": "120511.34000000", "time": "2025-07-14T15:10:28.683063Z", "fetched_at": "2025-07-14T15:10:49.284123+00:00", "symbol": "BTC-USD"}, {"trade_id": 848806514, "side": "sell", "size": "0.00000024", "price": "120508.24000000", "time": "2025-07-14T15:10:28.683063Z", "fetched_at": "2025-07-14T15:10:49.284123+00:00", "symbol": "BTC-USD"}, {"trade_id": 848806513, "side": "sell", "size": "0.01365040", "price": "120506.65000000", "time": "2025-07-14T15:10:28.647744Z", "fetched_at": "2025-07-14T15:10:49.284123+00:00", "symbol": "BTC-USD"}, {"trade_id": 848806512, "side": "sell", "size": "0.03261000", "price": "120506.65000000", "time": "2025-07-14T15:10:28.647533Z", "fetched_at": "2025-07-14T15:10:49.284123+00:00", "symbol": "BTC-USD"}, {"trade_id": 848806511, "side": "sell", "size": "0.03662000", "price": "120506.65000000", "time": "2025-07-14T15:10:28.646629Z", "fetched_at": "2025-07-14T15:10:49.284123+00:00", "symbol": "BTC-USD"}, {"trade_id": 848806510, "side": "sell", "size": "0.03756786", "price": "120506.65000000", "time": "2025-07-14T15:10:28.643174Z", "fetched_at": "2025-07-14T15:10:49.284123+00:00", "symbol": "BTC-USD"}, {"trade_id": 848806509, "side": "sell", "size": "0.00199000", "price": "120506.65000000", "time": "2025-07-14T15:10:28.642446Z", "fetched_at": "2025-07-14T15:10:49.284123+00:00", "symbol": "BTC-USD"}, {"trade_id": 848806508, "side": "sell", "size": "0.05214000", "price": "120506.65000000", "time": "2025-07-14T15:10:28.639142Z", "fetched_at": "2025-07-14T15:10:49.284123+00:00", "symbol": "BTC-USD"}, {"trade_id": 848806507, "side": "sell", "size": "0.02239521", "price": "120506.65000000", "time": "2025-07-14T15:10:28.633337Z", "fetched_at": "2025-07-14T15:10:49.284123+00:00", "symbol": "BTC-USD"}, {"trade_id": 848806506, "side": "sell", "size": "0.01367604", "price": "120506.65000000", "time": "2025-07-14T15:10:28.618547Z", "fetched_at": "2025-07-14T15:10:49.284123+00:00", "symbol": "BTC-USD"}, {"trade_id": 848806505, "side": "sell", "size": "0.00935890", "price": "120506.65000000", "time": "2025-07-14T15:10:28.586934Z", "fetched_at": "2025-07-14T15:10:49.284123+00:00", "symbol": "BTC-USD"}, {"trade_id": 848806504, "side": "sell", "size": "0.15606750", "price": "120506.65000000", "time": "2025-07-14T15:10:28.568552Z", "fetched_at": "2025-07-14T15:10:49.284123+00:00", "symbol": "BTC-USD"}, {"trade_id": 848806503, "side": "buy", "size": "0.00829829", "price": "120506.67000000", "time": "2025-07-14T15:10:28.562464Z", "fetched_at": "2025-07-14T15:10:49.284123+00:00", "symbol": "BTC-USD"}, {"trade_id": 848806502, "side": "buy", "size": "0.01000000", "price": "120508.23000000", "time": "2025-07-14T15:10:28.562464Z", "fetched_at": "2025-07-14T15:10:49.284123+00:00", "symbol": "BTC-USD"}, {"trade_id": 848806501, "side": "buy", "size": "0.01000000", "price": "120508.23000000", "time": "2025-07-14T15:10:28.562464Z", "fetched_at": "2025-07-14T15:10:49.284123+00:00", "symbol": "BTC-USD"}, {"trade_id": 848806500, "side": "buy", "size": "0.00829534", "price": "120508.23000000", "time": "2025-07-14T15:10:28.562464Z", "fetched_at": "2025-07-14T15:10:49.284123+00:00", "symbol": "BTC-USD"}, {"trade_id": 848806499, "side": "sell", "size": "0.00085875", "price": "120506.67000000", "time": "2025-07-14T15:10:28.507357Z", "fetched_at": "2025-07-14T15:10:49.284123+00:00", "symbol": "BTC-USD"}, {"trade_id": 848806498, "side": "sell", "size": "0.02110269", "price": "120506.67000000", "time": "2025-07-14T15:10:28.491329Z", "fetched_at": "2025-07-14T15:10:49.284123+00:00", "symbol": "BTC-USD"}, {"trade_id": 848806497, "side": "sell", "size": "0.01350750", "price": "120506.67000000", "time": "2025-07-14T15:10:28.472123Z", "fetched_at": "2025-07-14T15:10:49.284123+00:00", "symbol": "BTC-USD"}, {"trade_id": 848806496, "side": "sell", "size": "0.02651244", "price": "120506.67000000", "time": "2025-07-14T15:10:28.452336Z", "fetched_at": "2025-07-14T15:10:49.284123+00:00", "symbol": "BTC-USD"}, {"trade_id": 848806495, "side": "sell", "size": "0.00334312", "price": "120506.67000000", "time": "2025-07-14T15:10:28.448571Z", "fetched_at": "2025-07-14T15:10:49.284123+00:00", "symbol": "BTC-USD"}, {"trade_id": 848806494, "side": "sell", "size": "0.00308672", "price": "120506.67000000", "time": "2025-07-14T15:10:28.444910Z", "fetched_at": "2025-07-14T15:10:49.284123+00:00", "symbol": "BTC-USD"}, {"trade_id": 848806493, "side": "sell", "size": "0.00371817", "price": "120506.67000000", "time": "2025-07-14T15:10:28.440877Z", "fetched_at": "2025-07-14T15:10:49.284123+00:00", "symbol": "BTC-USD"}, {"trade_id": 848806492, "side": "sell", "size": "0.00318057", "price": "120506.67000000", "time": "2025-07-14T15:10:28.436959Z", "fetched_at": "2025-07-14T15:10:49.284123+00:00", "symbol": "BTC-USD"}, {"trade_id": 848806491, "side": "sell", "size": "0.00348938", "price": "120506.67000000", "time": "2025-07-14T15:10:28.432646Z", "fetched_at": "2025-07-14T15:10:49.284123+00:00", "symbol": "BTC-USD"}, {"trade_id": 848806490, "side": "sell", "size": "0.00250190", "price": "120506.67000000", "time": "2025-07-14T15:10:28.428811Z", "fetched_at": "2025-07-14T15:10:49.284123+00:00", "symbol": "BTC-USD"}, {"trade_id": 848806489, "side": "sell", "size": "0.00387404", "price": "120506.67000000", "time": "2025-07-14T15:10:28.425716Z", "fetched_at": "2025-07-14T15:10:49.284123+00:00", "symbol": "BTC-USD"}, {"trade_id": 848806488, "side": "sell", "size": "0.00905135", "price": "120506.67000000", "time": "2025-07-14T15:10:28.421469Z", "fetched_at": "2025-07-14T15:10:49.284123+00:00", "symbol": "BTC-USD"}, {"trade_id": 848806487, "side": "sell", "size": "0.00305021", "price": "120506.67000000", "time": "2025-07-14T15:10:28.417010Z", "fetched_at": "2025-07-14T15:10:49.284123+00:00", "symbol": "BTC-USD"}, {"trade_id": 848806486, "side": "sell", "size": "0.09262599", "price": "120506.67000000", "time": "2025-07-14T15:10:28.412917Z", "fetched_at": "2025-07-14T15:10:49.284123+00:00", "symbol": "BTC-USD"}, {"trade_id": 848806485, "side": "sell", "size": "0.01899342", "price": "120506.67000000", "time": "2025-07-14T15:10:28.409266Z", "fetched_at": "2025-07-14T15:10:49.284123+00:00", "symbol": "BTC-USD"}, {"trade_id": 848806484, "side": "sell", "size": "0.02044019", "price": "120506.67000000", "time": "2025-07-14T15:10:28.405622Z", "fetched_at": "2025-07-14T15:10:49.284123+00:00", "symbol": "BTC-USD"}, {"trade_id": 848806483, "side": "sell", "size": "0.05096122", "price": "120506.67000000", "time": "2025-07-14T15:10:28.396926Z", "fetched_at": "2025-07-14T15:10:49.284123+00:00", "symbol": "BTC-USD"}, {"trade_id": 848806482, "side": "sell", "size": "0.00303288", "price": "120506.67000000", "time": "2025-07-14T15:10:28.394097Z", "fetched_at": "2025-07-14T15:10:49.284123+00:00", "symbol": "BTC-USD"}, {"trade_id": 848806481, "side": "sell", "size": "0.00423266", "price": "120506.67000000", "time": "2025-07-14T15:10:28.390194Z", "fetched_at": "2025-07-14T15:10:49.284123+00:00", "symbol": "BTC-USD"}, {"trade_id": 848806480, "side": "sell", "size": "0.10931849", "price": "120506.67000000", "time": "2025-07-14T15:10:28.382155Z", "fetched_at": "2025-07-14T15:10:49.284123+00:00", "symbol": "BTC-USD"}, {"trade_id": 848806479, "side": "sell", "size": "0.01578785", "price": "120506.67000000", "time": "2025-07-14T15:10:28.377992Z", "fetched_at": "2025-07-14T15:10:49.284123+00:00", "symbol": "BTC-USD"}, {"trade_id": 848806478, "side": "sell", "size": "0.16445259", "price": "120506.00000000", "time": "2025-07-14T15:10:28.370037Z", "fetched_at": "2025-07-14T15:10:49.284123+00:00", "symbol": "BTC-USD"}, {"trade_id": 848806477, "side": "sell", "size": "0.06285981", "price": "120506.00000000", "time": "2025-07-14T15:10:28.366891Z", "fetched_at": "2025-07-14T15:10:49.284123+00:00", "symbol": "BTC-USD"}, {"trade_id": 848806476, "side": "sell", "size": "0.04800000", "price": "120505.98000000", "time": "2025-07-14T15:10:28.366891Z", "fetched_at": "2025-07-14T15:10:49.284123+00:00", "symbol": "BTC-USD"}, {"trade_id": 848806475, "side": "sell", "size": "0.00000001", "price": "120505.15000000", "time": "2025-07-14T15:10:28.126540Z", "fetched_at": "2025-07-14T15:10:49.284123+00:00", "symbol": "BTC-USD"}, {"trade_id": 848806474, "side": "sell", "size": "0.00355806", "price": "120506.66000000", "time": "2025-07-14T15:10:27.794950Z", "fetched_at": "2025-07-14T15:10:49.284123+00:00", "symbol": "BTC-USD"}, {"trade_id": 848806473, "side": "sell", "size": "0.00551093", "price": "120506.66000000", "time": "2025-07-14T15:10:27.791566Z", "fetched_at": "2025-07-14T15:10:49.284123+00:00", "symbol": "BTC-USD"}, {"trade_id": 848806472, "side": "sell", "size": "0.02189146", "price": "120506.66000000", "time": "2025-07-14T15:10:27.779938Z", "fetched_at": "2025-07-14T15:10:49.284123+00:00", "symbol": "BTC-USD"}, {"trade_id": 848806471, "side": "sell", "size": "0.00000828", "price": "120505.15000000", "time": "2025-07-14T15:10:27.779938Z", "fetched_at": "2025-07-14T15:10:49.284123+00:00", "symbol": "BTC-USD"}, {"trade_id": 848806470, "side": "sell", "size": "0.00829880", "price": "120499.41000000", "time": "2025-07-14T15:10:27.716912Z", "fetched_at": "2025-07-14T15:10:49.284123+00:00", "symbol": "BTC-USD"}, {"trade_id": 848806469, "side": "sell", "size": "0.03044072", "price": "120497.58000000", "time": "2025-07-14T15:10:27.713785Z", "fetched_at": "2025-07-14T15:10:49.284123+00:00", "symbol": "BTC-USD"}, {"trade_id": 848806468, "side": "sell", "size": "0.00000377", "price": "120497.57000000", "time": "2025-07-14T15:10:27.713785Z", "fetched_at": "2025-07-14T15:10:49.284123+00:00", "symbol": "BTC-USD"}, {"trade_id": 848806467, "side": "sell", "size": "0.00035999", "price": "120497.59000000", "time": "2025-07-14T15:10:27.383772Z", "fetched_at": "2025-07-14T15:10:49.284123+00:00", "symbol": "BTC-USD"}, {"trade_id": 848806466, "side": "sell", "size": "0.00829876", "price": "120499.87000000", "time": "2025-07-14T15:10:27.159003Z", "fetched_at": "2025-07-14T15:10:49.284123+00:00", "symbol": "BTC-USD"}, {"trade_id": 848806465, "side": "sell", "size": "0.00009179", "price": "120498.06000000", "time": "2025-07-14T15:10:27.134827Z", "fetched_at": "2025-07-14T15:10:49.284123+00:00", "symbol": "BTC-USD"}, {"trade_id": 848806464, "side": "sell", "size": "0.00042000", "price": "120498.06000000", "time": "2025-07-14T15:10:27.121990Z", "fetched_at": "2025-07-14T15:10:49.284123+00:00", "symbol": "BTC-USD"}, {"trade_id": 848806463, "side": "sell", "size": "0.01788993", "price": "120493.89000000", "time": "2025-07-14T15:10:26.934830Z", "fetched_at": "2025-07-14T15:10:49.284123+00:00", "symbol": "BTC-USD"}, {"trade_id": 848806462, "side": "sell", "size": "0.00001000", "price": "120485.12000000", "time": "2025-07-14T15:10:26.768143Z", "fetched_at": "2025-07-14T15:10:49.284123+00:00", "symbol": "BTC-USD"}, {"trade_id": 848806461, "side": "sell", "size": "0.00007642", "price": "120481.18000000", "time": "2025-07-14T15:10:26.768143Z", "fetched_at": "2025-07-14T15:10:49.284123+00:00", "symbol": "BTC-USD"}, {"trade_id": 848806460, "side": "sell", "size": "0.00001000", "price": "120481.18000000", "time": "2025-07-14T15:10:26.765824Z", "fetched_at": "2025-07-14T15:10:49.284123+00:00", "symbol": "BTC-USD"}, {"trade_id": 848806459, "side": "sell", "size": "0.00001000", "price": "120481.18000000", "time": "2025-07-14T15:10:26.762076Z", "fetched_at": "2025-07-14T15:10:49.284123+00:00", "symbol": "BTC-USD"}, {"trade_id": 848806458, "side": "sell", "size": "0.00817146", "price": "120482.91000000", "time": "2025-07-14T15:10:26.753993Z", "fetched_at": "2025-07-14T15:10:49.284123+00:00", "symbol": "BTC-USD"}, {"trade_id": 848806457, "side": "sell", "size": "0.00033195", "price": "120481.41000000", "time": "2025-07-14T15:10:26.753993Z", "fetched_at": "2025-07-14T15:10:49.284123+00:00", "symbol": "BTC-USD"}, {"trade_id": 848806456, "side": "sell", "size": "0.00033043", "price": "120481.37000000", "time": "2025-07-14T15:10:26.753993Z", "fetched_at": "2025-07-14T15:10:49.284123+00:00", "symbol": "BTC-USD"}, {"trade_id": 848806455, "side": "sell", "size": "0.00034844", "price": "120481.20000000", "time": "2025-07-14T15:10:26.753993Z", "fetched_at": "2025-07-14T15:10:49.284123+00:00", "symbol": "BTC-USD"}, {"trade_id": 848806454, "side": "sell", "size": "0.00009642", "price": "120481.19000000", "time": "2025-07-14T15:10:26.753993Z", "fetched_at": "2025-07-14T15:10:49.284123+00:00", "symbol": "BTC-USD"}, {"trade_id": 848806453, "side": "sell", "size": "0.00033259", "price": "120478.93000000", "time": "2025-07-14T15:10:26.750464Z", "fetched_at": "2025-07-14T15:10:49.284123+00:00", "symbol": "BTC-USD"}, {"trade_id": 848806452, "side": "sell", "size": "0.00025035", "price": "120482.91000000", "time": "2025-07-14T15:10:26.646143Z", "fetched_at": "2025-07-14T15:10:49.284123+00:00", "symbol": "BTC-USD"}, {"trade_id": 848806451, "side": "sell", "size": "0.00021762", "price": "120482.92000000", "time": "2025-07-14T15:10:26.641109Z", "fetched_at": "2025-07-14T15:10:49.284123+00:00", "symbol": "BTC-USD"}, {"trade_id": 848806450, "side": "sell", "size": "0.00000028", "price": "120481.30000000", "time": "2025-07-14T15:10:26.490113Z", "fetched_at": "2025-07-14T15:10:49.284123+00:00", "symbol": "BTC-USD"}, {"trade_id": 848806449, "side": "sell", "size": "0.00125538", "price": "120472.11000000", "time": "2025-07-14T15:10:26.477211Z", "fetched_at": "2025-07-14T15:10:49.284123+00:00", "symbol": "BTC-USD"}, {"trade_id": 848806448, "side": "sell", "size": "0.01684361", "price": "120472.10000000", "time": "2025-07-14T15:10:26.477211Z", "fetched_at": "2025-07-14T15:10:49.284123+00:00", "symbol": "BTC-USD"}, {"trade_id": 848806447, "side": "buy", "size": "0.00829709", "price": "120474.06000000", "time": "2025-07-14T15:10:26.412526Z", "fetched_at": "2025-07-14T15:10:49.284123+00:00", "symbol": "BTC-USD"}, {"trade_id": 848806446, "side": "sell", "size": "0.00009641", "price": "120472.05000000", "time": "2025-07-14T15:10:26.407320Z", "fetched_at": "2025-07-14T15:10:49.284123+00:00", "symbol": "BTC-USD"}, {"trade_id": 848806445, "side": "sell", "size": "0.00612862", "price": "120481.59000000", "time": "2025-07-14T15:10:26.348612Z", "fetched_at": "2025-07-14T15:10:49.284123+00:00", "symbol": "BTC-USD"}, {"trade_id": 848806444, "side": "sell", "size": "0.00009641", "price": "120464.99000000", "time": "2025-07-14T15:10:26.348612Z", "fetched_at": "2025-07-14T15:10:49.284123+00:00", "symbol": "BTC-USD"}, {"trade_id": 848806443, "side": "sell", "size": "0.02605562", "price": "120465.00000000", "time": "2025-07-14T15:10:26.340842Z", "fetched_at": "2025-07-14T15:10:49.284123+00:00", "symbol": "BTC-USD"}, {"trade_id": 848806442, "side": "sell", "size": "0.09411951", "price": "120465.00000000", "time": "2025-07-14T15:10:26.339529Z", "fetched_at": "2025-07-14T15:10:49.284123+00:00", "symbol": "BTC-USD"}, {"trade_id": 848806441, "side": "sell", "size": "0.00009641", "price": "120451.80000000", "time": "2025-07-14T15:10:26.320016Z", "fetched_at": "2025-07-14T15:10:49.284123+00:00", "symbol": "BTC-USD"}, {"trade_id": 848806440, "side": "sell", "size": "0.00000001", "price": "120466.87000000", "time": "2025-07-14T15:10:26.290167Z", "fetched_at": "2025-07-14T15:10:49.284123+00:00", "symbol": "BTC-USD"}, {"trade_id": 848806439, "side": "sell", "size": "0.01500000", "price": "120466.86000000", "time": "2025-07-14T15:10:26.268865Z", "fetched_at": "2025-07-14T15:10:49.284123+00:00", "symbol": "BTC-USD"}, {"trade_id": 848806438, "side": "sell", "size": "0.00830175", "price": "120456.60000000", "time": "2025-07-14T15:10:26.268360Z", "fetched_at": "2025-07-14T15:10:49.284123+00:00", "symbol": "BTC-USD"}, {"trade_id": 848806437, "side": "sell", "size": "0.02563362", "price": "120456.03000000", "time": "2025-07-14T15:10:26.268360Z", "fetched_at": "2025-07-14T15:10:49.284123+00:00", "symbol": "BTC-USD"}, {"trade_id": 848806436, "side": "sell", "size": "0.00480710", "price": "120456.03000000", "time": "2025-07-14T15:10:26.266646Z", "fetched_at": "2025-07-14T15:10:49.284123+00:00", "symbol": "BTC-USD"}, {"trade_id": 848806435, "side": "sell", "size": "0.00262345", "price": "120454.77000000", "time": "2025-07-14T15:10:26.258760Z", "fetched_at": "2025-07-14T15:10:49.284123+00:00", "symbol": "BTC-USD"}, {"trade_id": 848806434, "side": "sell", "size": "0.00009641", "price": "120454.76000000", "time": "2025-07-14T15:10:26.258760Z", "fetched_at": "2025-07-14T15:10:49.284123+00:00", "symbol": "BTC-USD"}, {"trade_id": 848806433, "side": "sell", "size": "0.00757386", "price": "120454.77000000", "time": "2025-07-14T15:10:26.255180Z", "fetched_at": "2025-07-14T15:10:49.284123+00:00", "symbol": "BTC-USD"}, {"trade_id": 848806432, "side": "sell", "size": "0.01500000", "price": "120454.77000000", "time": "2025-07-14T15:10:26.186193Z", "fetched_at": "2025-07-14T15:10:49.284123+00:00", "symbol": "BTC-USD"}, {"trade_id": 848806431, "side": "sell", "size": "0.00082170", "price": "120454.79000000", "time": "2025-07-14T15:10:26.158604Z", "fetched_at": "2025-07-14T15:10:49.284123+00:00", "symbol": "BTC-USD"}, {"trade_id": 848806430, "side": "sell", "size": "0.00672843", "price": "120454.78000000", "time": "2025-07-14T15:10:26.158604Z", "fetched_at": "2025-07-14T15:10:49.284123+00:00", "symbol": "BTC-USD"}, {"trade_id": 848806429, "side": "buy", "size": "0.01782617", "price": "120453.86000000", "time": "2025-07-14T15:10:26.034041Z", "fetched_at": "2025-07-14T15:10:49.284123+00:00", "symbol": "BTC-USD"}, {"trade_id": 848806428, "side": "buy", "size": "0.00637000", "price": "120453.86000000", "time": "2025-07-14T15:10:25.992432Z", "fetched_at": "2025-07-14T15:10:49.284123+00:00", "symbol": "BTC-USD"}, {"trade_id": 848806427, "side": "buy", "size": "0.00061000", "price": "120453.86000000", "time": "2025-07-14T15:10:25.992090Z", "fetched_at": "2025-07-14T15:10:49.284123+00:00", "symbol": "BTC-USD"}, {"trade_id": 848806426, "side": "buy", "size": "0.00002108", "price": "120455.85000000", "time": "2025-07-14T15:10:25.991785Z", "fetched_at": "2025-07-14T15:10:49.284123+00:00", "symbol": "BTC-USD"}, {"trade_id": 848806425, "side": "buy", "size": "0.01795109", "price": "120456.70000000", "time": "2025-07-14T15:10:25.984181Z", "fetched_at": "2025-07-14T15:10:49.284123+00:00", "symbol": "BTC-USD"}, {"trade_id": 848806424, "side": "sell", "size": "0.00042000", "price": "120467.04000000", "time": "2025-07-14T15:10:25.974633Z", "fetched_at": "2025-07-14T15:10:49.284123+00:00", "symbol": "BTC-USD"}, {"trade_id": 848806423, "side": "buy", "size": "0.00114163", "price": "120464.96000000", "time": "2025-07-14T15:10:25.934827Z", "fetched_at": "2025-07-14T15:10:49.284123+00:00", "symbol": "BTC-USD"}, {"trade_id": 848806422, "side": "buy", "size": "0.00343837", "price": "120465.02000000", "time": "2025-07-14T15:10:25.934827Z", "fetched_at": "2025-07-14T15:10:49.284123+00:00", "symbol": "BTC-USD"}, {"trade_id": 848806421, "side": "sell", "size": "0.03500000", "price": "120459.47000000", "time": "2025-07-14T15:10:25.916451Z", "fetched_at": "2025-07-14T15:10:49.284123+00:00", "symbol": "BTC-USD"}, {"trade_id": 848806420, "side": "sell", "size": "0.00006752", "price": "120456.94000000", "time": "2025-07-14T15:10:25.916451Z", "fetched_at": "2025-07-14T15:10:49.284123+00:00", "symbol": "BTC-USD"}, {"trade_id": 848806419, "side": "sell", "size": "0.03500000", "price": "120461.89000000", "time": "2025-07-14T15:10:25.910447Z", "fetched_at": "2025-07-14T15:10:49.284123+00:00", "symbol": "BTC-USD"}, {"trade_id": 848806418, "side": "sell", "size": "0.00026311", "price": "120458.13000000", "time": "2025-07-14T15:10:25.910447Z", "fetched_at": "2025-07-14T15:10:49.284123+00:00", "symbol": "BTC-USD"}, {"trade_id": 848806417, "side": "sell", "size": "0.00038756", "price": "120456.98000000", "time": "2025-07-14T15:10:25.910447Z", "fetched_at": "2025-07-14T15:10:49.284123+00:00", "symbol": "BTC-USD"}, {"trade_id": 848806416, "side": "sell", "size": "0.00011021", "price": "120456.71000000", "time": "2025-07-14T15:10:25.910447Z", "fetched_at": "2025-07-14T15:10:49.284123+00:00", "symbol": "BTC-USD"}, {"trade_id": 848806415, "side": "sell", "size": "0.02534562", "price": "120461.89000000", "time": "2025-07-14T15:10:25.905884Z", "fetched_at": "2025-07-14T15:10:49.284123+00:00", "symbol": "BTC-USD"}, {"trade_id": 848806414, "side": "sell", "size": "0.01000000", "price": "120461.89000000", "time": "2025-07-14T15:10:25.905884Z", "fetched_at": "2025-07-14T15:10:49.284123+00:00", "symbol": "BTC-USD"}, {"trade_id": 848806413, "side": "sell", "size": "0.00092438", "price": "120461.89000000", "time": "2025-07-14T15:10:25.905884Z", "fetched_at": "2025-07-14T15:10:49.284123+00:00", "symbol": "BTC-USD"}, {"trade_id": 848806412, "side": "sell", "size": "0.03534562", "price": "120461.89000000", "time": "2025-07-14T15:10:25.902580Z", "fetched_at": "2025-07-14T15:10:49.284123+00:00", "symbol": "BTC-USD"}, {"trade_id": 848806411, "side": "sell", "size": "0.00052563", "price": "120461.88000000", "time": "2025-07-14T15:10:25.902580Z", "fetched_at": "2025-07-14T15:10:49.284123+00:00", "symbol": "BTC-USD"}, {"trade_id": 848806410, "side": "sell", "size": "0.00039875", "price": "120457.08000000", "time": "2025-07-14T15:10:25.902580Z", "fetched_at": "2025-07-14T15:10:49.284123+00:00", "symbol": "BTC-USD"}, {"trade_id": 848806409, "side": "buy", "size": "0.01618242", "price": "120455.96000000", "time": "2025-07-14T15:10:25.898982Z", "fetched_at": "2025-07-14T15:10:49.284123+00:00", "symbol": "BTC-USD"}, {"trade_id": 848806408, "side": "buy", "size": "0.01243769", "price": "120455.96000000", "time": "2025-07-14T15:10:25.897383Z", "fetched_at": "2025-07-14T15:10:49.284123+00:00", "symbol": "BTC-USD"}, {"trade_id": 848806407, "side": "buy", "size": "0.01620203", "price": "120455.96000000", "time": "2025-07-14T15:10:25.897350Z", "fetched_at": "2025-07-14T15:10:49.284123+00:00", "symbol": "BTC-USD"}, {"trade_id": 848806406, "side": "sell", "size": "0.00014437", "price": "120461.88000000", "time": "2025-07-14T15:10:25.897266Z", "fetched_at": "2025-07-14T15:10:49.284123+00:00", "symbol": "BTC-USD"}, {"trade_id": 848806405, "side": "sell", "size": "0.00022840", "price": "120459.48000000", "time": "2025-07-14T15:10:25.897266Z", "fetched_at": "2025-07-14T15:10:49.284123+00:00", "symbol": "BTC-USD"}, {"trade_id": 848806404, "side": "sell", "size": "0.03572861", "price": "120458.71000000", "time": "2025-07-14T15:10:25.897266Z", "fetched_at": "2025-07-14T15:10:49.284123+00:00", "symbol": "BTC-USD"}, {"trade_id": 848806403, "side": "sell", "size": "0.00009635", "price": "120456.82000000", "time": "2025-07-14T15:10:25.897266Z", "fetched_at": "2025-07-14T15:10:49.284123+00:00", "symbol": "BTC-USD"}, {"trade_id": 848806402, "side": "sell", "size": "0.00007227", "price": "120456.37000000", "time": "2025-07-14T15:10:25.897266Z", "fetched_at": "2025-07-14T15:10:49.284123+00:00", "symbol": "BTC-USD"}, {"trade_id": 848806401, "side": "buy", "size": "0.00631463", "price": "120455.96000000", "time": "2025-07-14T15:10:25.893207Z", "fetched_at": "2025-07-14T15:10:49.284123+00:00", "symbol": "BTC-USD"}, {"trade_id": 848806400, "side": "buy", "size": "0.00007135", "price": "120456.49000000", "time": "2025-07-14T15:10:25.893207Z", "fetched_at": "2025-07-14T15:10:49.284123+00:00", "symbol": "BTC-USD"}, {"trade_id": 848806399, "side": "buy", "size": "0.01007307", "price": "120456.50000000", "time": "2025-07-14T15:10:25.893207Z", "fetched_at": "2025-07-14T15:10:49.284123+00:00", "symbol": "BTC-USD"}, {"trade_id": 848806398, "side": "buy", "size": "0.00057545", "price": "120456.63000000", "time": "2025-07-14T15:10:25.893207Z", "fetched_at": "2025-07-14T15:10:49.284123+00:00", "symbol": "BTC-USD"}, {"trade_id": 848806397, "side": "buy", "size": "0.00178908", "price": "120456.95000000", "time": "2025-07-14T15:10:25.893207Z", "fetched_at": "2025-07-14T15:10:49.284123+00:00", "symbol": "BTC-USD"}, {"trade_id": 848806396, "side": "buy", "size": "0.00168087", "price": "120457.26000000", "time": "2025-07-14T15:10:25.893207Z", "fetched_at": "2025-07-14T15:10:49.284123+00:00", "symbol": "BTC-USD"}, {"trade_id": 848806395, "side": "buy", "size": "0.00001000", "price": "120458.00000000", "time": "2025-07-14T15:10:25.893207Z", "fetched_at": "2025-07-14T15:10:49.284123+00:00", "symbol": "BTC-USD"}, {"trade_id": 848806394, "side": "buy", "size": "0.00161258", "price": "120458.70000000", "time": "2025-07-14T15:10:25.893207Z", "fetched_at": "2025-07-14T15:10:49.284123+00:00", "symbol": "BTC-USD"}, {"trade_id": 848806393, "side": "sell", "size": "0.00054139", "price": "120458.71000000", "time": "2025-07-14T15:10:25.893207Z", "fetched_at": "2025-07-14T15:10:49.284123+00:00", "symbol": "BTC-USD"}, {"trade_id": 848806392, "side": "buy", "size": "0.00067824", "price": "120461.88000000", "time": "2025-07-14T15:10:25.887572Z", "fetched_at": "2025-07-14T15:10:49.284123+00:00", "symbol": "BTC-USD"}, {"trade_id": 848806391, "side": "buy", "size": "0.08233556", "price": "120461.88000000", "time": "2025-07-14T15:10:25.882010Z", "fetched_at": "2025-07-14T15:10:49.284123+00:00", "symbol": "BTC-USD"}, {"trade_id": 848806390, "side": "buy", "size": "0.00067444", "price": "120462.20000000", "time": "2025-07-14T15:10:25.882010Z", "fetched_at": "2025-07-14T15:10:49.284123+00:00", "symbol": "BTC-USD"}, {"trade_id": 848806389, "side": "buy", "size": "0.00752730", "price": "120462.20000000", "time": "2025-07-14T15:10:25.874032Z", "fetched_at": "2025-07-14T15:10:49.284123+00:00", "symbol": "BTC-USD"}, {"trade_id": 848806388, "side": "buy", "size": "0.00000084", "price": "120462.66000000", "time": "2025-07-14T15:10:25.874032Z", "fetched_at": "2025-07-14T15:10:49.284123+00:00", "symbol": "BTC-USD"}, {"trade_id": 848806387, "side": "buy", "size": "0.00000615", "price": "120464.00000000", "time": "2025-07-14T15:10:25.874032Z", "fetched_at": "2025-07-14T15:10:49.284123+00:00", "symbol": "BTC-USD"}, {"trade_id": 848806386, "side": "buy", "size": "0.00001000", "price": "120466.00000000", "time": "2025-07-14T15:10:25.874032Z", "fetched_at": "2025-07-14T15:10:49.284123+00:00", "symbol": "BTC-USD"}, {"trade_id": 848806385, "side": "buy", "size": "0.00020000", "price": "120466.56000000", "time": "2025-07-14T15:10:25.874032Z", "fetched_at": "2025-07-14T15:10:49.284123+00:00", "symbol": "BTC-USD"}, {"trade_id": 848806384, "side": "buy", "size": "0.00044612", "price": "120466.75000000", "time": "2025-07-14T15:10:25.874032Z", "fetched_at": "2025-07-14T15:10:49.284123+00:00", "symbol": "BTC-USD"}, {"trade_id": 848806383, "side": "buy", "size": "0.00000959", "price": "120467.04000000", "time": "2025-07-14T15:10:25.874032Z", "fetched_at": "2025-07-14T15:10:49.284123+00:00", "symbol": "BTC-USD"}, {"trade_id": 848806382, "side": "buy", "size": "0.00285000", "price": "120467.04000000", "time": "2025-07-14T15:10:25.873777Z", "fetched_at": "2025-07-14T15:10:49.284123+00:00", "symbol": "BTC-USD"}, {"trade_id": 848806381, "side": "buy", "size": "0.00024000", "price": "120467.04000000", "time": "2025-07-14T15:10:25.873710Z", "fetched_at": "2025-07-14T15:10:49.284123+00:00", "symbol": "BTC-USD"}, {"trade_id": 848806380, "side": "buy", "size": "0.00020000", "price": "120467.04000000", "time": "2025-07-14T15:10:25.872521Z", "fetched_at": "2025-07-14T15:10:49.284123+00:00", "symbol": "BTC-USD"}, {"trade_id": 848806379, "side": "buy", "size": "0.00019000", "price": "120467.04000000", "time": "2025-07-14T15:10:25.871742Z", "fetched_at": "2025-07-14T15:10:49.284123+00:00", "symbol": "BTC-USD"}, {"trade_id": 848806378, "side": "buy", "size": "0.00001000", "price": "120467.04000000", "time": "2025-07-14T15:10:25.871742Z", "fetched_at": "2025-07-14T15:10:49.284123+00:00", "symbol": "BTC-USD"}, {"trade_id": 848806377, "side": "buy", "size": "0.00024000", "price": "120467.05000000", "time": "2025-07-14T15:10:25.863356Z", "fetched_at": "2025-07-14T15:10:49.284123+00:00", "symbol": "BTC-USD"}, {"trade_id": 848806376, "side": "buy", "size": "0.00329000", "price": "120467.05000000", "time": "2025-07-14T15:10:25.862931Z", "fetched_at": "2025-07-14T15:10:49.284123+00:00", "symbol": "BTC-USD"}, {"trade_id": 848806375, "side": "buy", "size": "0.01371571", "price": "120467.05000000", "time": "2025-07-14T15:10:25.862774Z", "fetched_at": "2025-07-14T15:10:49.284123+00:00", "symbol": "BTC-USD"}, {"trade_id": 848806374, "side": "buy", "size": "0.00022169", "price": "120468.12000000", "time": "2025-07-14T15:10:25.862774Z", "fetched_at": "2025-07-14T15:10:49.284123+00:00", "symbol": "BTC-USD"}, {"trade_id": 848806373, "side": "buy", "size": "0.00019418", "price": "120468.12000000", "time": "2025-07-14T15:10:25.862568Z", "fetched_at": "2025-07-14T15:10:49.284123+00:00", "symbol": "BTC-USD"}, {"trade_id": 848806372, "side": "buy", "size": "0.00001054", "price": "120468.29000000", "time": "2025-07-14T15:10:25.862568Z", "fetched_at": "2025-07-14T15:10:49.284123+00:00", "symbol": "BTC-USD"}, {"trade_id": 848806371, "side": "buy", "size": "0.00000528", "price": "120468.33000000", "time": "2025-07-14T15:10:25.862568Z", "fetched_at": "2025-07-14T15:10:49.284123+00:00", "symbol": "BTC-USD"}, {"trade_id": 848806370, "side": "buy", "size": "0.00543000", "price": "120468.33000000", "time": "2025-07-14T15:10:25.861748Z", "fetched_at": "2025-07-14T15:10:49.284123+00:00", "symbol": "BTC-USD"}, {"trade_id": 848806369, "side": "buy", "size": "0.00020000", "price": "120468.33000000", "time": "2025-07-14T15:10:25.861592Z", "fetched_at": "2025-07-14T15:10:49.284123+00:00", "symbol": "BTC-USD"}, {"trade_id": 848806368, "side": "buy", "size": "0.00349000", "price": "120468.33000000", "time": "2025-07-14T15:10:25.853699Z", "fetched_at": "2025-07-14T15:10:49.284123+00:00", "symbol": "BTC-USD"}, {"trade_id": 848806367, "side": "buy", "size": "0.00044000", "price": "120468.33000000", "time": "2025-07-14T15:10:25.853649Z", "fetched_at": "2025-07-14T15:10:49.284123+00:00", "symbol": "BTC-USD"}, {"trade_id": 848806366, "side": "buy", "size": "0.00041000", "price": "120468.33000000", "time": "2025-07-14T15:10:25.853426Z", "fetched_at": "2025-07-14T15:10:49.284123+00:00", "symbol": "BTC-USD"}, {"trade_id": 848806365, "side": "buy", "size": "0.00170571", "price": "120468.33000000", "time": "2025-07-14T15:10:25.853041Z", "fetched_at": "2025-07-14T15:10:49.284123+00:00", "symbol": "BTC-USD"}, {"trade_id": 848806364, "side": "buy", "size": "0.01135651", "price": "120468.33000000", "time": "2025-07-14T15:10:25.853041Z", "fetched_at": "2025-07-14T15:10:49.284123+00:00", "symbol": "BTC-USD"}, {"trade_id": 848806363, "side": "buy", "size": "0.00164559", "price": "120468.33000000", "time": "2025-07-14T15:10:25.853041Z", "fetched_at": "2025-07-14T15:10:49.284123+00:00", "symbol": "BTC-USD"}, {"trade_id": 848806362, "side": "buy", "size": "0.00996219", "price": "120468.34000000", "time": "2025-07-14T15:10:25.853041Z", "fetched_at": "2025-07-14T15:10:49.284123+00:00", "symbol": "BTC-USD"}, {"trade_id": 848806361, "side": "sell", "size": "0.00707605", "price": "120480.06000000", "time": "2025-07-14T15:10:25.780617Z", "fetched_at": "2025-07-14T15:10:49.284123+00:00", "symbol": "BTC-USD"}, {"trade_id": 848806360, "side": "sell", "size": "0.00875575", "price": "120480.06000000", "time": "2025-07-14T15:10:25.776274Z", "fetched_at": "2025-07-14T15:10:49.284123+00:00", "symbol": "BTC-USD"}, {"trade_id": 848806359, "side": "sell", "size": "0.00292812", "price": "120480.06000000", "time": "2025-07-14T15:10:25.775483Z", "fetched_at": "2025-07-14T15:10:49.284123+00:00", "symbol": "BTC-USD"}, {"trade_id": 848806358, "side": "sell", "size": "0.00006420", "price": "120475.50000000", "time": "2025-07-14T15:10:25.670272Z", "fetched_at": "2025-07-14T15:10:49.284123+00:00", "symbol": "BTC-USD"}, {"trade_id": 848806357, "side": "sell", "size": "0.05418966", "price": "120475.49000000", "time": "2025-07-14T15:10:25.670272Z", "fetched_at": "2025-07-14T15:10:49.284123+00:00", "symbol": "BTC-USD"}, {"trade_id": 848806356, "side": "sell", "size": "0.00008560", "price": "120475.26000000", "time": "2025-07-14T15:10:25.670272Z", "fetched_at": "2025-07-14T15:10:49.284123+00:00", "symbol": "BTC-USD"}, {"trade_id": 848806355, "side": "sell", "size": "0.00015217", "price": "120474.61000000", "time": "2025-07-14T15:10:25.670272Z", "fetched_at": "2025-07-14T15:10:49.284123+00:00", "symbol": "BTC-USD"}, {"trade_id": 848806354, "side": "sell", "size": "0.00011413", "price": "120474.60000000", "time": "2025-07-14T15:10:25.670272Z", "fetched_at": "2025-07-14T15:10:49.284123+00:00", "symbol": "BTC-USD"}, {"trade_id": 848806353, "side": "sell", "size": "0.00020290", "price": "120472.69000000", "time": "2025-07-14T15:10:25.670272Z", "fetched_at": "2025-07-14T15:10:49.284123+00:00", "symbol": "BTC-USD"}, {"trade_id": 848806352, "side": "sell", "size": "0.00000008", "price": "120480.06000000", "time": "2025-07-14T15:10:25.604525Z", "fetched_at": "2025-07-14T15:10:49.284123+00:00", "symbol": "BTC-USD"}, {"trade_id": 848806351, "side": "buy", "size": "0.01735000", "price": "120476.53000000", "time": "2025-07-14T15:10:25.602156Z", "fetched_at": "2025-07-14T15:10:49.284123+00:00", "symbol": "BTC-USD"}, {"trade_id": 848806350, "side": "sell", "size": "0.00000016", "price": "120483.08000000", "time": "2025-07-14T15:10:25.597943Z", "fetched_at": "2025-07-14T15:10:49.284123+00:00", "symbol": "BTC-USD"}, {"trade_id": 848806349, "side": "buy", "size": "0.05712648", "price": "120471.27000000", "time": "2025-07-14T15:10:25.572975Z", "fetched_at": "2025-07-14T15:10:49.284123+00:00", "symbol": "BTC-USD"}, {"trade_id": 848806348, "side": "buy", "size": "0.08300700", "price": "120471.76000000", "time": "2025-07-14T15:10:25.572682Z", "fetched_at": "2025-07-14T15:10:49.284123+00:00", "symbol": "BTC-USD"}, {"trade_id": 848806347, "side": "buy", "size": "0.03362452", "price": "120472.43000000", "time": "2025-07-14T15:10:25.572682Z", "fetched_at": "2025-07-14T15:10:49.284123+00:00", "symbol": "BTC-USD"}, {"trade_id": 848806346, "side": "buy", "size": "0.00008301", "price": "120472.43000000", "time": "2025-07-14T15:10:25.572682Z", "fetched_at": "2025-07-14T15:10:49.284123+00:00", "symbol": "BTC-USD"}, {"trade_id": 848806345, "side": "buy", "size": "0.00101653", "price": "120472.80000000", "time": "2025-07-14T15:10:25.572682Z", "fetched_at": "2025-07-14T15:10:49.284123+00:00", "symbol": "BTC-USD"}, {"trade_id": 848806344, "side": "buy", "size": "0.00001095", "price": "120475.54000000", "time": "2025-07-14T15:10:25.572256Z", "fetched_at": "2025-07-14T15:10:49.284123+00:00", "symbol": "BTC-USD"}