[{"trade_id": 848974695, "side": "buy", "size": "0.00004600", "price": "119750.11000000", "time": "2025-07-14T19:23:21.858718Z", "fetched_at": "2025-07-14T19:23:24.809991+00:00", "symbol": "BTC-USD"}, {"trade_id": 848974694, "side": "buy", "size": "0.00011100", "price": "119750.11000000", "time": "2025-07-14T19:23:21.858718Z", "fetched_at": "2025-07-14T19:23:24.809991+00:00", "symbol": "BTC-USD"}, {"trade_id": 848974693, "side": "buy", "size": "0.00003509", "price": "119750.13000000", "time": "2025-07-14T19:23:21.858718Z", "fetched_at": "2025-07-14T19:23:24.809991+00:00", "symbol": "BTC-USD"}, {"trade_id": 848974692, "side": "sell", "size": "0.00039601", "price": "119750.13000000", "time": "2025-07-14T19:23:21.811879Z", "fetched_at": "2025-07-14T19:23:24.809991+00:00", "symbol": "BTC-USD"}, {"trade_id": 848974691, "side": "buy", "size": "0.00003576", "price": "119750.15000000", "time": "2025-07-14T19:23:21.447799Z", "fetched_at": "2025-07-14T19:23:24.809991+00:00", "symbol": "BTC-USD"}, {"trade_id": 848974690, "side": "sell", "size": "0.00040558", "price": "119750.12000000", "time": "2025-07-14T19:23:21.353354Z", "fetched_at": "2025-07-14T19:23:24.809991+00:00", "symbol": "BTC-USD"}, {"trade_id": 848974689, "side": "sell", "size": "0.00325796", "price": "119750.12000000", "time": "2025-07-14T19:23:21.263836Z", "fetched_at": "2025-07-14T19:23:24.809991+00:00", "symbol": "BTC-USD"}, {"trade_id": 848974688, "side": "sell", "size": "0.02084133", "price": "119750.12000000", "time": "2025-07-14T19:23:20.797226Z", "fetched_at": "2025-07-14T19:23:24.809991+00:00", "symbol": "BTC-USD"}, {"trade_id": 848974687, "side": "buy", "size": "0.00003673", "price": "119750.11000000", "time": "2025-07-14T19:23:20.762802Z", "fetched_at": "2025-07-14T19:23:24.809991+00:00", "symbol": "BTC-USD"}, {"trade_id": 848974686, "side": "buy", "size": "0.00543000", "price": "119750.11000000", "time": "2025-07-14T19:23:20.762802Z", "fetched_at": "2025-07-14T19:23:24.809991+00:00", "symbol": "BTC-USD"}, {"trade_id": 848974685, "side": "sell", "size": "0.01011456", "price": "119750.12000000", "time": "2025-07-14T19:23:20.759403Z", "fetched_at": "2025-07-14T19:23:24.809991+00:00", "symbol": "BTC-USD"}, {"trade_id": 848974684, "side": "sell", "size": "0.00283455", "price": "119750.11000000", "time": "2025-07-14T19:23:20.743363Z", "fetched_at": "2025-07-14T19:23:24.809991+00:00", "symbol": "BTC-USD"}, {"trade_id": 848974683, "side": "sell", "size": "0.00716545", "price": "119750.11000000", "time": "2025-07-14T19:23:20.739194Z", "fetched_at": "2025-07-14T19:23:24.809991+00:00", "symbol": "BTC-USD"}, {"trade_id": 848974682, "side": "buy", "size": "0.00899194", "price": "119750.00000000", "time": "2025-07-14T19:23:20.732587Z", "fetched_at": "2025-07-14T19:23:24.809991+00:00", "symbol": "BTC-USD"}, {"trade_id": 848974681, "side": "buy", "size": "0.00543000", "price": "119750.11000000", "time": "2025-07-14T19:23:20.732587Z", "fetched_at": "2025-07-14T19:23:24.809991+00:00", "symbol": "BTC-USD"}, {"trade_id": 848974680, "side": "buy", "size": "0.00003653", "price": "119750.11000000", "time": "2025-07-14T19:23:20.732587Z", "fetched_at": "2025-07-14T19:23:24.809991+00:00", "symbol": "BTC-USD"}, {"trade_id": 848974679, "side": "buy", "size": "0.00021900", "price": "119750.11000000", "time": "2025-07-14T19:23:20.732587Z", "fetched_at": "2025-07-14T19:23:24.809991+00:00", "symbol": "BTC-USD"}, {"trade_id": 848974678, "side": "sell", "size": "0.04938874", "price": "119750.12000000", "time": "2025-07-14T19:23:20.731670Z", "fetched_at": "2025-07-14T19:23:24.809991+00:00", "symbol": "BTC-USD"}, {"trade_id": 848974677, "side": "sell", "size": "0.01009052", "price": "119750.12000000", "time": "2025-07-14T19:23:20.678784Z", "fetched_at": "2025-07-14T19:23:24.809991+00:00", "symbol": "BTC-USD"}, {"trade_id": 848974676, "side": "buy", "size": "0.00835000", "price": "119750.11000000", "time": "2025-07-14T19:23:20.674152Z", "fetched_at": "2025-07-14T19:23:24.809991+00:00", "symbol": "BTC-USD"}, {"trade_id": 848974675, "side": "buy", "size": "0.02802766", "price": "119750.11000000", "time": "2025-07-14T19:23:20.674152Z", "fetched_at": "2025-07-14T19:23:24.809991+00:00", "symbol": "BTC-USD"}, {"trade_id": 848974674, "side": "buy", "size": "0.00543000", "price": "119750.11000000", "time": "2025-07-14T19:23:20.674152Z", "fetched_at": "2025-07-14T19:23:24.809991+00:00", "symbol": "BTC-USD"}, {"trade_id": 848974673, "side": "buy", "size": "0.00003653", "price": "119750.11000000", "time": "2025-07-14T19:23:20.674152Z", "fetched_at": "2025-07-14T19:23:24.809991+00:00", "symbol": "BTC-USD"}, {"trade_id": 848974672, "side": "sell", "size": "0.01412954", "price": "119750.12000000", "time": "2025-07-14T19:23:20.667330Z", "fetched_at": "2025-07-14T19:23:24.809991+00:00", "symbol": "BTC-USD"}, {"trade_id": 848974671, "side": "sell", "size": "0.00786743", "price": "119750.12000000", "time": "2025-07-14T19:23:20.649578Z", "fetched_at": "2025-07-14T19:23:24.809991+00:00", "symbol": "BTC-USD"}, {"trade_id": 848974670, "side": "sell", "size": "0.00019920", "price": "119750.12000000", "time": "2025-07-14T19:23:20.614888Z", "fetched_at": "2025-07-14T19:23:24.809991+00:00", "symbol": "BTC-USD"}, {"trade_id": 848974669, "side": "sell", "size": "0.10803625", "price": "119750.12000000", "time": "2025-07-14T19:23:20.479750Z", "fetched_at": "2025-07-14T19:23:24.809991+00:00", "symbol": "BTC-USD"}, {"trade_id": 848974668, "side": "buy", "size": "0.00926663", "price": "119750.00000000", "time": "2025-07-14T19:23:20.475379Z", "fetched_at": "2025-07-14T19:23:24.809991+00:00", "symbol": "BTC-USD"}, {"trade_id": 848974667, "side": "buy", "size": "0.00835072", "price": "119750.12000000", "time": "2025-07-14T19:23:20.475379Z", "fetched_at": "2025-07-14T19:23:24.809991+00:00", "symbol": "BTC-USD"}, {"trade_id": 848974666, "side": "buy", "size": "0.00003653", "price": "119750.12000000", "time": "2025-07-14T19:23:20.475379Z", "fetched_at": "2025-07-14T19:23:24.809991+00:00", "symbol": "BTC-USD"}, {"trade_id": 848974665, "side": "buy", "size": "0.03500000", "price": "119751.91000000", "time": "2025-07-14T19:23:20.475379Z", "fetched_at": "2025-07-14T19:23:24.809991+00:00", "symbol": "BTC-USD"}, {"trade_id": 848974664, "side": "buy", "size": "0.00543000", "price": "119751.91000000", "time": "2025-07-14T19:23:20.475379Z", "fetched_at": "2025-07-14T19:23:24.809991+00:00", "symbol": "BTC-USD"}, {"trade_id": 848974663, "side": "sell", "size": "0.02891797", "price": "119750.12000000", "time": "2025-07-14T19:23:20.451159Z", "fetched_at": "2025-07-14T19:23:24.809991+00:00", "symbol": "BTC-USD"}, {"trade_id": 848974662, "side": "sell", "size": "0.04699283", "price": "119750.12000000", "time": "2025-07-14T19:23:20.445841Z", "fetched_at": "2025-07-14T19:23:24.809991+00:00", "symbol": "BTC-USD"}, {"trade_id": 848974661, "side": "sell", "size": "0.01263515", "price": "119750.12000000", "time": "2025-07-14T19:23:20.429457Z", "fetched_at": "2025-07-14T19:23:24.809991+00:00", "symbol": "BTC-USD"}, {"trade_id": 848974660, "side": "sell", "size": "0.01104097", "price": "119750.12000000", "time": "2025-07-14T19:23:20.346693Z", "fetched_at": "2025-07-14T19:23:24.809991+00:00", "symbol": "BTC-USD"}, {"trade_id": 848974659, "side": "sell", "size": "0.01717005", "price": "119750.12000000", "time": "2025-07-14T19:23:20.333603Z", "fetched_at": "2025-07-14T19:23:24.809991+00:00", "symbol": "BTC-USD"}, {"trade_id": 848974658, "side": "sell", "size": "0.02322942", "price": "119750.12000000", "time": "2025-07-14T19:23:20.313261Z", "fetched_at": "2025-07-14T19:23:24.809991+00:00", "symbol": "BTC-USD"}, {"trade_id": 848974657, "side": "sell", "size": "0.00813915", "price": "119750.12000000", "time": "2025-07-14T19:23:20.285247Z", "fetched_at": "2025-07-14T19:23:24.809991+00:00", "symbol": "BTC-USD"}, {"trade_id": 848974656, "side": "sell", "size": "0.04616230", "price": "119750.12000000", "time": "2025-07-14T19:23:20.276881Z", "fetched_at": "2025-07-14T19:23:24.809991+00:00", "symbol": "BTC-USD"}, {"trade_id": 848974655, "side": "sell", "size": "0.02092146", "price": "119750.12000000", "time": "2025-07-14T19:23:20.272348Z", "fetched_at": "2025-07-14T19:23:24.809991+00:00", "symbol": "BTC-USD"}, {"trade_id": 848974654, "side": "sell", "size": "0.01884079", "price": "119750.12000000", "time": "2025-07-14T19:23:20.268742Z", "fetched_at": "2025-07-14T19:23:24.809991+00:00", "symbol": "BTC-USD"}, {"trade_id": 848974653, "side": "sell", "size": "0.02540451", "price": "119750.12000000", "time": "2025-07-14T19:23:20.245540Z", "fetched_at": "2025-07-14T19:23:24.809991+00:00", "symbol": "BTC-USD"}, {"trade_id": 848974652, "side": "sell", "size": "0.01140848", "price": "119750.12000000", "time": "2025-07-14T19:23:20.214488Z", "fetched_at": "2025-07-14T19:23:24.809991+00:00", "symbol": "BTC-USD"}, {"trade_id": 848974651, "side": "sell", "size": "0.01635789", "price": "119750.12000000", "time": "2025-07-14T19:23:20.158176Z", "fetched_at": "2025-07-14T19:23:24.809991+00:00", "symbol": "BTC-USD"}, {"trade_id": 848974650, "side": "sell", "size": "0.01329858", "price": "119750.12000000", "time": "2025-07-14T19:23:20.138896Z", "fetched_at": "2025-07-14T19:23:24.809991+00:00", "symbol": "BTC-USD"}, {"trade_id": 848974649, "side": "sell", "size": "0.06597753", "price": "119750.12000000", "time": "2025-07-14T19:23:20.041980Z", "fetched_at": "2025-07-14T19:23:24.809991+00:00", "symbol": "BTC-USD"}, {"trade_id": 848974648, "side": "buy", "size": "0.00003664", "price": "119750.12000000", "time": "2025-07-14T19:23:20.033857Z", "fetched_at": "2025-07-14T19:23:24.809991+00:00", "symbol": "BTC-USD"}, {"trade_id": 848974647, "side": "buy", "size": "0.00030648", "price": "119750.75000000", "time": "2025-07-14T19:23:20.033857Z", "fetched_at": "2025-07-14T19:23:24.809991+00:00", "symbol": "BTC-USD"}, {"trade_id": 848974646, "side": "buy", "size": "0.00835067", "price": "119750.76000000", "time": "2025-07-14T19:23:20.033857Z", "fetched_at": "2025-07-14T19:23:24.809991+00:00", "symbol": "BTC-USD"}, {"trade_id": 848974645, "side": "buy", "size": "0.00085116", "price": "119751.50000000", "time": "2025-07-14T19:23:20.033857Z", "fetched_at": "2025-07-14T19:23:24.809991+00:00", "symbol": "BTC-USD"}, {"trade_id": 848974644, "side": "buy", "size": "0.01000000", "price": "119751.79000000", "time": "2025-07-14T19:23:20.033857Z", "fetched_at": "2025-07-14T19:23:24.809991+00:00", "symbol": "BTC-USD"}, {"trade_id": 848974643, "side": "buy", "size": "0.00543000", "price": "119751.79000000", "time": "2025-07-14T19:23:20.033857Z", "fetched_at": "2025-07-14T19:23:24.809991+00:00", "symbol": "BTC-USD"}, {"trade_id": 848974642, "side": "sell", "size": "0.01646710", "price": "119750.12000000", "time": "2025-07-14T19:23:19.952575Z", "fetched_at": "2025-07-14T19:23:24.809991+00:00", "symbol": "BTC-USD"}, {"trade_id": 848974641, "side": "sell", "size": "0.00000664", "price": "119750.00000000", "time": "2025-07-14T19:23:19.948724Z", "fetched_at": "2025-07-14T19:23:24.809991+00:00", "symbol": "BTC-USD"}, {"trade_id": 848974640, "side": "sell", "size": "0.00300898", "price": "119750.00000000", "time": "2025-07-14T19:23:19.944827Z", "fetched_at": "2025-07-14T19:23:24.809991+00:00", "symbol": "BTC-USD"}, {"trade_id": 848974639, "side": "sell", "size": "0.05318452", "price": "119750.00000000", "time": "2025-07-14T19:23:19.941328Z", "fetched_at": "2025-07-14T19:23:24.809991+00:00", "symbol": "BTC-USD"}, {"trade_id": 848974638, "side": "sell", "size": "0.10557169", "price": "119750.00000000", "time": "2025-07-14T19:23:19.936972Z", "fetched_at": "2025-07-14T19:23:24.809991+00:00", "symbol": "BTC-USD"}, {"trade_id": 848974637, "side": "sell", "size": "0.00831741", "price": "119750.00000000", "time": "2025-07-14T19:23:19.715657Z", "fetched_at": "2025-07-14T19:23:24.809991+00:00", "symbol": "BTC-USD"}, {"trade_id": 848974636, "side": "sell", "size": "0.00000099", "price": "119750.00000000", "time": "2025-07-14T19:23:19.712098Z", "fetched_at": "2025-07-14T19:23:24.809991+00:00", "symbol": "BTC-USD"}, {"trade_id": 848974635, "side": "sell", "size": "0.03800000", "price": "119750.00000000", "time": "2025-07-14T19:23:19.377048Z", "fetched_at": "2025-07-14T19:23:24.809991+00:00", "symbol": "BTC-USD"}, {"trade_id": 848974634, "side": "buy", "size": "0.00421741", "price": "119749.98000000", "time": "2025-07-14T19:23:18.301241Z", "fetched_at": "2025-07-14T19:23:24.809991+00:00", "symbol": "BTC-USD"}, {"trade_id": 848974633, "side": "sell", "size": "0.11274007", "price": "119750.00000000", "time": "2025-07-14T19:23:18.284353Z", "fetched_at": "2025-07-14T19:23:24.809991+00:00", "symbol": "BTC-USD"}, {"trade_id": 848974632, "side": "sell", "size": "0.01000000", "price": "119749.99000000", "time": "2025-07-14T19:23:18.284353Z", "fetched_at": "2025-07-14T19:23:24.809991+00:00", "symbol": "BTC-USD"}, {"trade_id": 848974631, "side": "sell", "size": "0.00000664", "price": "119749.17000000", "time": "2025-07-14T19:23:18.284353Z", "fetched_at": "2025-07-14T19:23:24.809991+00:00", "symbol": "BTC-USD"}, {"trade_id": 848974630, "side": "sell", "size": "0.00005363", "price": "119747.72000000", "time": "2025-07-14T19:23:18.271329Z", "fetched_at": "2025-07-14T19:23:24.809991+00:00", "symbol": "BTC-USD"}, {"trade_id": 848974629, "side": "sell", "size": "0.00835097", "price": "119746.58000000", "time": "2025-07-14T19:23:18.271329Z", "fetched_at": "2025-07-14T19:23:24.809991+00:00", "symbol": "BTC-USD"}, {"trade_id": 848974628, "side": "sell", "size": "0.00003100", "price": "119741.57000000", "time": "2025-07-14T19:23:17.998632Z", "fetched_at": "2025-07-14T19:23:24.809991+00:00", "symbol": "BTC-USD"}, {"trade_id": 848974627, "side": "sell", "size": "0.00000099", "price": "119741.57000000", "time": "2025-07-14T19:23:17.572681Z", "fetched_at": "2025-07-14T19:23:24.809991+00:00", "symbol": "BTC-USD"}, {"trade_id": 848974626, "side": "sell", "size": "0.00040576", "price": "119741.57000000", "time": "2025-07-14T19:23:17.283794Z", "fetched_at": "2025-07-14T19:23:24.809991+00:00", "symbol": "BTC-USD"}, {"trade_id": 848974625, "side": "buy", "size": "0.00003095", "price": "119743.12000000", "time": "2025-07-14T19:23:16.693007Z", "fetched_at": "2025-07-14T19:23:24.809991+00:00", "symbol": "BTC-USD"}, {"trade_id": 848974624, "side": "buy", "size": "0.00835108", "price": "119744.92000000", "time": "2025-07-14T19:23:16.693007Z", "fetched_at": "2025-07-14T19:23:24.809991+00:00", "symbol": "BTC-USD"}, {"trade_id": 848974623, "side": "buy", "size": "0.00003474", "price": "119744.92000000", "time": "2025-07-14T19:23:16.693007Z", "fetched_at": "2025-07-14T19:23:24.809991+00:00", "symbol": "BTC-USD"}, {"trade_id": 848974622, "side": "buy", "size": "0.00027062", "price": "119744.92000000", "time": "2025-07-14T19:23:16.693007Z", "fetched_at": "2025-07-14T19:23:24.809991+00:00", "symbol": "BTC-USD"}, {"trade_id": 848974621, "side": "buy", "size": "0.00003838", "price": "119744.92000000", "time": "2025-07-14T19:23:16.472717Z", "fetched_at": "2025-07-14T19:23:24.809991+00:00", "symbol": "BTC-USD"}, {"trade_id": 848974620, "side": "sell", "size": "0.00014000", "price": "119744.93000000", "time": "2025-07-14T19:23:16.129217Z", "fetched_at": "2025-07-14T19:23:24.809991+00:00", "symbol": "BTC-USD"}, {"trade_id": 848974619, "side": "sell", "size": "0.00101000", "price": "119744.93000000", "time": "2025-07-14T19:23:15.879690Z", "fetched_at": "2025-07-14T19:23:24.809991+00:00", "symbol": "BTC-USD"}, {"trade_id": 848974618, "side": "sell", "size": "0.00162231", "price": "119744.93000000", "time": "2025-07-14T19:23:15.773812Z", "fetched_at": "2025-07-14T19:23:24.809991+00:00", "symbol": "BTC-USD"}, {"trade_id": 848974617, "side": "buy", "size": "0.00035540", "price": "119744.92000000", "time": "2025-07-14T19:23:15.696326Z", "fetched_at": "2025-07-14T19:23:24.809991+00:00", "symbol": "BTC-USD"}, {"trade_id": 848974616, "side": "buy", "size": "0.00000116", "price": "119748.19000000", "time": "2025-07-14T19:23:15.696326Z", "fetched_at": "2025-07-14T19:23:24.809991+00:00", "symbol": "BTC-USD"}, {"trade_id": 848974615, "side": "buy", "size": "0.00003656", "price": "119749.16000000", "time": "2025-07-14T19:23:15.696326Z", "fetched_at": "2025-07-14T19:23:24.809991+00:00", "symbol": "BTC-USD"}, {"trade_id": 848974614, "side": "sell", "size": "0.00024342", "price": "119749.17000000", "time": "2025-07-14T19:23:15.664389Z", "fetched_at": "2025-07-14T19:23:24.809991+00:00", "symbol": "BTC-USD"}, {"trade_id": 848974613, "side": "sell", "size": "0.00078546", "price": "119748.20000000", "time": "2025-07-14T19:23:14.252731Z", "fetched_at": "2025-07-14T19:23:24.809991+00:00", "symbol": "BTC-USD"}, {"trade_id": 848974612, "side": "sell", "size": "0.00000648", "price": "119748.20000000", "time": "2025-07-14T19:23:14.252731Z", "fetched_at": "2025-07-14T19:23:24.809991+00:00", "symbol": "BTC-USD"}, {"trade_id": 848974611, "side": "buy", "size": "0.02577293", "price": "119739.34000000", "time": "2025-07-14T19:23:13.290453Z", "fetched_at": "2025-07-14T19:23:24.809991+00:00", "symbol": "BTC-USD"}, {"trade_id": 848974610, "side": "buy", "size": "0.00993104", "price": "119739.37000000", "time": "2025-07-14T19:23:13.290453Z", "fetched_at": "2025-07-14T19:23:24.809991+00:00", "symbol": "BTC-USD"}, {"trade_id": 848974609, "side": "buy", "size": "0.02506011", "price": "119739.38000000", "time": "2025-07-14T19:23:13.290453Z", "fetched_at": "2025-07-14T19:23:24.809991+00:00", "symbol": "BTC-USD"}, {"trade_id": 848974608, "side": "buy", "size": "0.00572162", "price": "119739.39000000", "time": "2025-07-14T19:23:13.290453Z", "fetched_at": "2025-07-14T19:23:24.809991+00:00", "symbol": "BTC-USD"}, {"trade_id": 848974607, "side": "buy", "size": "0.00523486", "price": "119739.40000000", "time": "2025-07-14T19:23:13.290453Z", "fetched_at": "2025-07-14T19:23:24.809991+00:00", "symbol": "BTC-USD"}, {"trade_id": 848974606, "side": "buy", "size": "0.00007545", "price": "119748.19000000", "time": "2025-07-14T19:23:13.290453Z", "fetched_at": "2025-07-14T19:23:24.809991+00:00", "symbol": "BTC-USD"}, {"trade_id": 848974605, "side": "sell", "size": "0.00000016", "price": "119748.20000000", "time": "2025-07-14T19:23:13.253584Z", "fetched_at": "2025-07-14T19:23:24.809991+00:00", "symbol": "BTC-USD"}, {"trade_id": 848974604, "side": "buy", "size": "0.00106705", "price": "119745.59000000", "time": "2025-07-14T19:23:13.013055Z", "fetched_at": "2025-07-14T19:23:24.809991+00:00", "symbol": "BTC-USD"}, {"trade_id": 848974603, "side": "buy", "size": "0.00835100", "price": "119746.06000000", "time": "2025-07-14T19:23:13.013055Z", "fetched_at": "2025-07-14T19:23:24.809991+00:00", "symbol": "BTC-USD"}, {"trade_id": 848974602, "side": "buy", "size": "0.00000350", "price": "119747.39000000", "time": "2025-07-14T19:23:13.013055Z", "fetched_at": "2025-07-14T19:23:24.809991+00:00", "symbol": "BTC-USD"}, {"trade_id": 848974601, "side": "buy", "size": "0.00050300", "price": "119747.39000000", "time": "2025-07-14T19:23:13.013055Z", "fetched_at": "2025-07-14T19:23:24.809991+00:00", "symbol": "BTC-USD"}, {"trade_id": 848974600, "side": "buy", "size": "0.00007545", "price": "119747.39000000", "time": "2025-07-14T19:23:13.013055Z", "fetched_at": "2025-07-14T19:23:24.809991+00:00", "symbol": "BTC-USD"}, {"trade_id": 848974599, "side": "sell", "size": "0.00032765", "price": "119747.40000000", "time": "2025-07-14T19:23:12.979297Z", "fetched_at": "2025-07-14T19:23:24.809991+00:00", "symbol": "BTC-USD"}, {"trade_id": 848974598, "side": "sell", "size": "0.00000099", "price": "119747.40000000", "time": "2025-07-14T19:23:12.762922Z", "fetched_at": "2025-07-14T19:23:24.809991+00:00", "symbol": "BTC-USD"}, {"trade_id": 848974597, "side": "sell", "size": "0.00669645", "price": "119747.40000000", "time": "2025-07-14T19:23:12.750462Z", "fetched_at": "2025-07-14T19:23:24.809991+00:00", "symbol": "BTC-USD"}, {"trade_id": 848974596, "side": "buy", "size": "0.00535532", "price": "119739.36000000", "time": "2025-07-14T19:23:10.432137Z", "fetched_at": "2025-07-14T19:23:24.809991+00:00", "symbol": "BTC-USD"}, {"trade_id": 848974595, "side": "buy", "size": "0.00007545", "price": "119739.37000000", "time": "2025-07-14T19:23:10.432137Z", "fetched_at": "2025-07-14T19:23:24.809991+00:00", "symbol": "BTC-USD"}, {"trade_id": 848974594, "side": "sell", "size": "0.00022153", "price": "119748.20000000", "time": "2025-07-14T19:23:09.967277Z", "fetched_at": "2025-07-14T19:23:24.809991+00:00", "symbol": "BTC-USD"}, {"trade_id": 848974593, "side": "buy", "size": "0.00701472", "price": "119749.89000000", "time": "2025-07-14T19:23:09.354208Z", "fetched_at": "2025-07-14T19:23:24.809991+00:00", "symbol": "BTC-USD"}, {"trade_id": 848974592, "side": "buy", "size": "0.00010000", "price": "119749.97000000", "time": "2025-07-14T19:23:09.354208Z", "fetched_at": "2025-07-14T19:23:24.809991+00:00", "symbol": "BTC-USD"}, {"trade_id": 848974591, "side": "buy", "size": "0.00002745", "price": "119749.97000000", "time": "2025-07-14T19:23:09.354208Z", "fetched_at": "2025-07-14T19:23:24.809991+00:00", "symbol": "BTC-USD"}, {"trade_id": 848974590, "side": "buy", "size": "0.00000342", "price": "119749.97000000", "time": "2025-07-14T19:23:09.354208Z", "fetched_at": "2025-07-14T19:23:24.809991+00:00", "symbol": "BTC-USD"}, {"trade_id": 848974589, "side": "buy", "size": "0.00005100", "price": "119749.97000000", "time": "2025-07-14T19:23:09.354208Z", "fetched_at": "2025-07-14T19:23:24.809991+00:00", "symbol": "BTC-USD"}, {"trade_id": 848974588, "side": "buy", "size": "0.00050534", "price": "119749.97000000", "time": "2025-07-14T19:23:09.354208Z", "fetched_at": "2025-07-14T19:23:24.809991+00:00", "symbol": "BTC-USD"}, {"trade_id": 848974587, "side": "buy", "size": "0.00000116", "price": "119750.10000000", "time": "2025-07-14T19:23:09.354208Z", "fetched_at": "2025-07-14T19:23:24.809991+00:00", "symbol": "BTC-USD"}, {"trade_id": 848974586, "side": "buy", "size": "0.00007545", "price": "119750.10000000", "time": "2025-07-14T19:23:09.354208Z", "fetched_at": "2025-07-14T19:23:24.809991+00:00", "symbol": "BTC-USD"}, {"trade_id": 848974585, "side": "buy", "size": "0.00007545", "price": "119751.05000000", "time": "2025-07-14T19:23:09.106805Z", "fetched_at": "2025-07-14T19:23:24.809991+00:00", "symbol": "BTC-USD"}, {"trade_id": 848974584, "side": "sell", "size": "0.00000728", "price": "119750.00000000", "time": "2025-07-14T19:23:09.048701Z", "fetched_at": "2025-07-14T19:23:24.809991+00:00", "symbol": "BTC-USD"}, {"trade_id": 848974583, "side": "sell", "size": "0.00041328", "price": "119750.00000000", "time": "2025-07-14T19:23:08.827372Z", "fetched_at": "2025-07-14T19:23:24.809991+00:00", "symbol": "BTC-USD"}, {"trade_id": 848974582, "side": "sell", "size": "0.00000567", "price": "119750.00000000", "time": "2025-07-14T19:23:08.785251Z", "fetched_at": "2025-07-14T19:23:24.809991+00:00", "symbol": "BTC-USD"}, {"trade_id": 848974581, "side": "sell", "size": "0.00133730", "price": "119750.00000000", "time": "2025-07-14T19:23:08.695271Z", "fetched_at": "2025-07-14T19:23:24.809991+00:00", "symbol": "BTC-USD"}, {"trade_id": 848974580, "side": "sell", "size": "0.00028915", "price": "119750.00000000", "time": "2025-07-14T19:23:08.652908Z", "fetched_at": "2025-07-14T19:23:24.809991+00:00", "symbol": "BTC-USD"}, {"trade_id": 848974579, "side": "sell", "size": "0.00030392", "price": "119749.98000000", "time": "2025-07-14T19:23:08.429758Z", "fetched_at": "2025-07-14T19:23:24.809991+00:00", "symbol": "BTC-USD"}, {"trade_id": 848974578, "side": "sell", "size": "0.00000664", "price": "119749.98000000", "time": "2025-07-14T19:23:08.429758Z", "fetched_at": "2025-07-14T19:23:24.809991+00:00", "symbol": "BTC-USD"}, {"trade_id": 848974577, "side": "sell", "size": "0.00008534", "price": "119749.98000000", "time": "2025-07-14T19:23:08.429758Z", "fetched_at": "2025-07-14T19:23:24.809991+00:00", "symbol": "BTC-USD"}, {"trade_id": 848974576, "side": "sell", "size": "0.00094000", "price": "119749.98000000", "time": "2025-07-14T19:23:07.949138Z", "fetched_at": "2025-07-14T19:23:24.809991+00:00", "symbol": "BTC-USD"}, {"trade_id": 848974575, "side": "buy", "size": "0.00017683", "price": "119749.97000000", "time": "2025-07-14T19:23:05.039122Z", "fetched_at": "2025-07-14T19:23:24.809991+00:00", "symbol": "BTC-USD"}, {"trade_id": 848974574, "side": "buy", "size": "0.00007483", "price": "119749.97000000", "time": "2025-07-14T19:23:05.010153Z", "fetched_at": "2025-07-14T19:23:24.809991+00:00", "symbol": "BTC-USD"}, {"trade_id": 848974573, "side": "buy", "size": "0.00007545", "price": "119749.97000000", "time": "2025-07-14T19:23:05.010153Z", "fetched_at": "2025-07-14T19:23:24.809991+00:00", "symbol": "BTC-USD"}, {"trade_id": 848974572, "side": "buy", "size": "0.00807698", "price": "119747.60000000", "time": "2025-07-14T19:23:04.351177Z", "fetched_at": "2025-07-14T19:23:24.809991+00:00", "symbol": "BTC-USD"}, {"trade_id": 848974571, "side": "buy", "size": "0.00000116", "price": "119749.97000000", "time": "2025-07-14T19:23:04.351177Z", "fetched_at": "2025-07-14T19:23:24.809991+00:00", "symbol": "BTC-USD"}, {"trade_id": 848974570, "side": "buy", "size": "0.00086100", "price": "119749.97000000", "time": "2025-07-14T19:23:04.351177Z", "fetched_at": "2025-07-14T19:23:24.809991+00:00", "symbol": "BTC-USD"}, {"trade_id": 848974569, "side": "buy", "size": "0.00007100", "price": "119749.97000000", "time": "2025-07-14T19:23:04.351177Z", "fetched_at": "2025-07-14T19:23:24.809991+00:00", "symbol": "BTC-USD"}, {"trade_id": 848974568, "side": "buy", "size": "0.00007545", "price": "119749.97000000", "time": "2025-07-14T19:23:04.351177Z", "fetched_at": "2025-07-14T19:23:24.809991+00:00", "symbol": "BTC-USD"}, {"trade_id": 848974567, "side": "sell", "size": "0.00000099", "price": "119749.98000000", "time": "2025-07-14T19:23:04.037713Z", "fetched_at": "2025-07-14T19:23:24.809991+00:00", "symbol": "BTC-USD"}, {"trade_id": 848974566, "side": "sell", "size": "0.00240079", "price": "119749.98000000", "time": "2025-07-14T19:23:03.623473Z", "fetched_at": "2025-07-14T19:23:24.809991+00:00", "symbol": "BTC-USD"}, {"trade_id": 848974565, "side": "sell", "size": "0.01000000", "price": "119749.98000000", "time": "2025-07-14T19:23:03.623473Z", "fetched_at": "2025-07-14T19:23:24.809991+00:00", "symbol": "BTC-USD"}, {"trade_id": 848974564, "side": "buy", "size": "0.00002420", "price": "119749.97000000", "time": "2025-07-14T19:23:03.403080Z", "fetched_at": "2025-07-14T19:23:24.809991+00:00", "symbol": "BTC-USD"}, {"trade_id": 848974563, "side": "buy", "size": "0.24840073", "price": "119739.35000000", "time": "2025-07-14T19:23:03.185528Z", "fetched_at": "2025-07-14T19:23:24.809991+00:00", "symbol": "BTC-USD"}, {"trade_id": 848974562, "side": "buy", "size": "0.03228567", "price": "119739.63000000", "time": "2025-07-14T19:23:03.185528Z", "fetched_at": "2025-07-14T19:23:24.809991+00:00", "symbol": "BTC-USD"}, {"trade_id": 848974561, "side": "buy", "size": "0.05034441", "price": "119739.71000000", "time": "2025-07-14T19:23:03.185528Z", "fetched_at": "2025-07-14T19:23:24.809991+00:00", "symbol": "BTC-USD"}, {"trade_id": 848974560, "side": "buy", "size": "0.06095500", "price": "119739.72000000", "time": "2025-07-14T19:23:03.185528Z", "fetched_at": "2025-07-14T19:23:24.809991+00:00", "symbol": "BTC-USD"}, {"trade_id": 848974559, "side": "buy", "size": "0.00835095", "price": "119746.83000000", "time": "2025-07-14T19:23:03.185528Z", "fetched_at": "2025-07-14T19:23:24.809991+00:00", "symbol": "BTC-USD"}, {"trade_id": 848974558, "side": "buy", "size": "0.00835086", "price": "119748.18000000", "time": "2025-07-14T19:23:03.185528Z", "fetched_at": "2025-07-14T19:23:24.809991+00:00", "symbol": "BTC-USD"}, {"trade_id": 848974557, "side": "buy", "size": "0.00000350", "price": "119749.98000000", "time": "2025-07-14T19:23:03.185528Z", "fetched_at": "2025-07-14T19:23:24.809991+00:00", "symbol": "BTC-USD"}, {"trade_id": 848974556, "side": "buy", "size": "0.00124000", "price": "119749.98000000", "time": "2025-07-14T19:23:03.185528Z", "fetched_at": "2025-07-14T19:23:24.809991+00:00", "symbol": "BTC-USD"}, {"trade_id": 848974555, "side": "buy", "size": "0.00006888", "price": "119749.98000000", "time": "2025-07-14T19:23:03.185528Z", "fetched_at": "2025-07-14T19:23:24.809991+00:00", "symbol": "BTC-USD"}, {"trade_id": 848974554, "side": "sell", "size": "0.00081134", "price": "119749.99000000", "time": "2025-07-14T19:23:02.950009Z", "fetched_at": "2025-07-14T19:23:24.809991+00:00", "symbol": "BTC-USD"}, {"trade_id": 848974553, "side": "buy", "size": "0.00000657", "price": "119749.98000000", "time": "2025-07-14T19:23:02.405353Z", "fetched_at": "2025-07-14T19:23:24.809991+00:00", "symbol": "BTC-USD"}, {"trade_id": 848974552, "side": "buy", "size": "0.00843926", "price": "119739.71000000", "time": "2025-07-14T19:23:01.798100Z", "fetched_at": "2025-07-14T19:23:24.809991+00:00", "symbol": "BTC-USD"}, {"trade_id": 848974551, "side": "buy", "size": "0.00835144", "price": "119739.72000000", "time": "2025-07-14T19:23:01.798100Z", "fetched_at": "2025-07-14T19:23:24.809991+00:00", "symbol": "BTC-USD"}, {"trade_id": 848974550, "side": "buy", "size": "0.00007545", "price": "119739.73000000", "time": "2025-07-14T19:23:01.798100Z", "fetched_at": "2025-07-14T19:23:24.809991+00:00", "symbol": "BTC-USD"}, {"trade_id": 848974549, "side": "sell", "size": "0.00000099", "price": "119747.42000000", "time": "2025-07-14T19:23:01.081622Z", "fetched_at": "2025-07-14T19:23:24.809991+00:00", "symbol": "BTC-USD"}, {"trade_id": 848974548, "side": "sell", "size": "0.00050952", "price": "119747.45000000", "time": "2025-07-14T19:23:00.908884Z", "fetched_at": "2025-07-14T19:23:24.809991+00:00", "symbol": "BTC-USD"}, {"trade_id": 848974547, "side": "sell", "size": "0.00005281", "price": "119747.44000000", "time": "2025-07-14T19:23:00.908884Z", "fetched_at": "2025-07-14T19:23:24.809991+00:00", "symbol": "BTC-USD"}, {"trade_id": 848974546, "side": "sell", "size": "0.00000065", "price": "119747.44000000", "time": "2025-07-14T19:23:00.804818Z", "fetched_at": "2025-07-14T19:23:24.809991+00:00", "symbol": "BTC-USD"}, {"trade_id": 848974545, "side": "sell", "size": "0.00004643", "price": "119746.20000000", "time": "2025-07-14T19:23:00.367391Z", "fetched_at": "2025-07-14T19:23:24.809991+00:00", "symbol": "BTC-USD"}, {"trade_id": 848974544, "side": "sell", "size": "0.00005276", "price": "119746.19000000", "time": "2025-07-14T19:23:00.367391Z", "fetched_at": "2025-07-14T19:23:24.809991+00:00", "symbol": "BTC-USD"}, {"trade_id": 848974543, "side": "sell", "size": "0.00000041", "price": "119746.19000000", "time": "2025-07-14T19:23:00.319932Z", "fetched_at": "2025-07-14T19:23:24.809991+00:00", "symbol": "BTC-USD"}, {"trade_id": 848974542, "side": "buy", "size": "0.00000940", "price": "119739.33000000", "time": "2025-07-14T19:23:00.294847Z", "fetched_at": "2025-07-14T19:23:24.809991+00:00", "symbol": "BTC-USD"}, {"trade_id": 848974541, "side": "buy", "size": "0.00007545", "price": "119739.34000000", "time": "2025-07-14T19:23:00.294847Z", "fetched_at": "2025-07-14T19:23:24.809991+00:00", "symbol": "BTC-USD"}, {"trade_id": 848974540, "side": "sell", "size": "0.00000008", "price": "119746.19000000", "time": "2025-07-14T19:23:00.226553Z", "fetched_at": "2025-07-14T19:23:24.809991+00:00", "symbol": "BTC-USD"}, {"trade_id": 848974539, "side": "sell", "size": "0.00000016", "price": "119746.19000000", "time": "2025-07-14T19:23:00.209708Z", "fetched_at": "2025-07-14T19:23:24.809991+00:00", "symbol": "BTC-USD"}, {"trade_id": 848974538, "side": "sell", "size": "0.00015337", "price": "119746.20000000", "time": "2025-07-14T19:23:00.187593Z", "fetched_at": "2025-07-14T19:23:24.809991+00:00", "symbol": "BTC-USD"}, {"trade_id": 848974537, "side": "sell", "size": "0.00005315", "price": "119746.12000000", "time": "2025-07-14T19:23:00.187593Z", "fetched_at": "2025-07-14T19:23:24.809991+00:00", "symbol": "BTC-USD"}, {"trade_id": 848974536, "side": "sell", "size": "0.00002743", "price": "119746.13000000", "time": "2025-07-14T19:23:00.175170Z", "fetched_at": "2025-07-14T19:23:24.809991+00:00", "symbol": "BTC-USD"}, {"trade_id": 848974535, "side": "sell", "size": "0.00005315", "price": "119746.12000000", "time": "2025-07-14T19:23:00.175170Z", "fetched_at": "2025-07-14T19:23:24.809991+00:00", "symbol": "BTC-USD"}, {"trade_id": 848974534, "side": "sell", "size": "0.00039592", "price": "119745.93000000", "time": "2025-07-14T19:23:00.141202Z", "fetched_at": "2025-07-14T19:23:24.809991+00:00", "symbol": "BTC-USD"}, {"trade_id": 848974533, "side": "sell", "size": "0.00077613", "price": "119746.20000000", "time": "2025-07-14T19:23:00.131348Z", "fetched_at": "2025-07-14T19:23:24.809991+00:00", "symbol": "BTC-USD"}, {"trade_id": 848974532, "side": "sell", "size": "0.00005042", "price": "119746.20000000", "time": "2025-07-14T19:23:00.131348Z", "fetched_at": "2025-07-14T19:23:24.809991+00:00", "symbol": "BTC-USD"}, {"trade_id": 848974531, "side": "sell", "size": "0.00003469", "price": "119749.56000000", "time": "2025-07-14T19:23:00.102237Z", "fetched_at": "2025-07-14T19:23:24.809991+00:00", "symbol": "BTC-USD"}, {"trade_id": 848974530, "side": "sell", "size": "0.00000664", "price": "119744.81000000", "time": "2025-07-14T19:23:00.102237Z", "fetched_at": "2025-07-14T19:23:24.809991+00:00", "symbol": "BTC-USD"}, {"trade_id": 848974529, "side": "sell", "size": "0.00015836", "price": "119744.57000000", "time": "2025-07-14T19:22:59.917242Z", "fetched_at": "2025-07-14T19:23:24.809991+00:00", "symbol": "BTC-USD"}, {"trade_id": 848974528, "side": "sell", "size": "0.01360953", "price": "119743.00000000", "time": "2025-07-14T19:22:59.607593Z", "fetched_at": "2025-07-14T19:23:24.809991+00:00", "symbol": "BTC-USD"}, {"trade_id": 848974527, "side": "sell", "size": "0.06480000", "price": "119741.40000000", "time": "2025-07-14T19:22:59.607593Z", "fetched_at": "2025-07-14T19:23:24.809991+00:00", "symbol": "BTC-USD"}, {"trade_id": 848974526, "side": "sell", "size": "0.06132047", "price": "119741.40000000", "time": "2025-07-14T19:22:59.607593Z", "fetched_at": "2025-07-14T19:23:24.809991+00:00", "symbol": "BTC-USD"}, {"trade_id": 848974525, "side": "sell", "size": "0.00077000", "price": "119741.40000000", "time": "2025-07-14T19:22:59.607593Z", "fetched_at": "2025-07-14T19:23:24.809991+00:00", "symbol": "BTC-USD"}, {"trade_id": 848974524, "side": "buy", "size": "0.00771199", "price": "119742.99000000", "time": "2025-07-14T19:22:59.515143Z", "fetched_at": "2025-07-14T19:23:24.809991+00:00", "symbol": "BTC-USD"}, {"trade_id": 848974523, "side": "buy", "size": "0.04209185", "price": "119743.52000000", "time": "2025-07-14T19:22:59.515143Z", "fetched_at": "2025-07-14T19:23:24.809991+00:00", "symbol": "BTC-USD"}, {"trade_id": 848974522, "side": "buy", "size": "0.00007545", "price": "119744.70000000", "time": "2025-07-14T19:22:59.515143Z", "fetched_at": "2025-07-14T19:23:24.809991+00:00", "symbol": "BTC-USD"}, {"trade_id": 848974521, "side": "buy", "size": "0.00003003", "price": "119744.70000000", "time": "2025-07-14T19:22:59.515143Z", "fetched_at": "2025-07-14T19:23:24.809991+00:00", "symbol": "BTC-USD"}, {"trade_id": 848974520, "side": "sell", "size": "0.00039495", "price": "119744.71000000", "time": "2025-07-14T19:22:59.504181Z", "fetched_at": "2025-07-14T19:23:24.809991+00:00", "symbol": "BTC-USD"}, {"trade_id": 848974519, "side": "buy", "size": "0.00001000", "price": "119748.30000000", "time": "2025-07-14T19:22:59.410617Z", "fetched_at": "2025-07-14T19:23:24.809991+00:00", "symbol": "BTC-USD"}, {"trade_id": 848974518, "side": "buy", "size": "0.00334109", "price": "119748.31000000", "time": "2025-07-14T19:22:59.410617Z", "fetched_at": "2025-07-14T19:23:24.809991+00:00", "symbol": "BTC-USD"}, {"trade_id": 848974517, "side": "buy", "size": "0.26748419", "price": "119748.31000000", "time": "2025-07-14T19:22:59.410617Z", "fetched_at": "2025-07-14T19:23:24.809991+00:00", "symbol": "BTC-USD"}, {"trade_id": 848974516, "side": "buy", "size": "0.00835085", "price": "119748.36000000", "time": "2025-07-14T19:22:59.410617Z", "fetched_at": "2025-07-14T19:23:24.809991+00:00", "symbol": "BTC-USD"}, {"trade_id": 848974515, "side": "buy", "size": "0.00609000", "price": "119749.99000000", "time": "2025-07-14T19:22:59.406615Z", "fetched_at": "2025-07-14T19:23:24.809991+00:00", "symbol": "BTC-USD"}, {"trade_id": 848974514, "side": "buy", "size": "0.00000442", "price": "119749.99000000", "time": "2025-07-14T19:22:59.406615Z", "fetched_at": "2025-07-14T19:23:24.809991+00:00", "symbol": "BTC-USD"}, {"trade_id": 848974513, "side": "buy", "size": "0.13977975", "price": "119749.99000000", "time": "2025-07-14T19:22:59.406615Z", "fetched_at": "2025-07-14T19:23:24.809991+00:00", "symbol": "BTC-USD"}, {"trade_id": 848974512, "side": "buy", "size": "0.46572478", "price": "119749.99000000", "time": "2025-07-14T19:22:59.406573Z", "fetched_at": "2025-07-14T19:23:24.809991+00:00", "symbol": "BTC-USD"}, {"trade_id": 848974511, "side": "buy", "size": "0.00000183", "price": "119750.36000000", "time": "2025-07-14T19:22:59.406573Z", "fetched_at": "2025-07-14T19:23:24.809991+00:00", "symbol": "BTC-USD"}, {"trade_id": 848974510, "side": "buy", "size": "0.00007545", "price": "119750.36000000", "time": "2025-07-14T19:22:59.406573Z", "fetched_at": "2025-07-14T19:23:24.809991+00:00", "symbol": "BTC-USD"}, {"trade_id": 848974509, "side": "sell", "size": "0.00002422", "price": "119750.37000000", "time": "2025-07-14T19:22:59.389038Z", "fetched_at": "2025-07-14T19:23:24.809991+00:00", "symbol": "BTC-USD"}, {"trade_id": 848974508, "side": "sell", "size": "0.00081132", "price": "119750.37000000", "time": "2025-07-14T19:22:59.273930Z", "fetched_at": "2025-07-14T19:23:24.809991+00:00", "symbol": "BTC-USD"}, {"trade_id": 848974507, "side": "buy", "size": "0.00007545", "price": "119750.36000000", "time": "2025-07-14T19:22:59.254142Z", "fetched_at": "2025-07-14T19:23:24.809991+00:00", "symbol": "BTC-USD"}, {"trade_id": 848974506, "side": "buy", "size": "0.00010313", "price": "119749.99000000", "time": "2025-07-14T19:22:59.113212Z", "fetched_at": "2025-07-14T19:23:24.809991+00:00", "symbol": "BTC-USD"}, {"trade_id": 848974505, "side": "buy", "size": "0.00007545", "price": "119750.37000000", "time": "2025-07-14T19:22:59.113212Z", "fetched_at": "2025-07-14T19:23:24.809991+00:00", "symbol": "BTC-USD"}, {"trade_id": 848974504, "side": "sell", "size": "0.01072829", "price": "119750.37000000", "time": "2025-07-14T19:22:59.037327Z", "fetched_at": "2025-07-14T19:23:24.809991+00:00", "symbol": "BTC-USD"}, {"trade_id": 848974503, "side": "sell", "size": "0.02000000", "price": "119750.36000000", "time": "2025-07-14T19:22:59.037327Z", "fetched_at": "2025-07-14T19:23:24.809991+00:00", "symbol": "BTC-USD"}, {"trade_id": 848974502, "side": "sell", "size": "0.00983776", "price": "119750.36000000", "time": "2025-07-14T19:22:59.037327Z", "fetched_at": "2025-07-14T19:23:24.809991+00:00", "symbol": "BTC-USD"}, {"trade_id": 848974501, "side": "sell", "size": "0.00016224", "price": "119750.36000000", "time": "2025-07-14T19:22:58.910408Z", "fetched_at": "2025-07-14T19:23:24.809991+00:00", "symbol": "BTC-USD"}, {"trade_id": 848974500, "side": "buy", "size": "0.00039234", "price": "119749.99000000", "time": "2025-07-14T19:22:58.664497Z", "fetched_at": "2025-07-14T19:23:24.809991+00:00", "symbol": "BTC-USD"}, {"trade_id": 848974499, "side": "buy", "size": "0.00007545", "price": "119750.35000000", "time": "2025-07-14T19:22:58.664497Z", "fetched_at": "2025-07-14T19:23:24.809991+00:00", "symbol": "BTC-USD"}, {"trade_id": 848974498, "side": "sell", "size": "0.00000099", "price": "119750.36000000", "time": "2025-07-14T19:22:58.485760Z", "fetched_at": "2025-07-14T19:23:24.809991+00:00", "symbol": "BTC-USD"}, {"trade_id": 848974497, "side": "sell", "size": "0.00000099", "price": "119750.36000000", "time": "2025-07-14T19:22:58.469105Z", "fetched_at": "2025-07-14T19:23:24.809991+00:00", "symbol": "BTC-USD"}, {"trade_id": 848974496, "side": "buy", "size": "0.00835070", "price": "119750.42000000", "time": "2025-07-14T19:22:58.442137Z", "fetched_at": "2025-07-14T19:23:24.809991+00:00", "symbol": "BTC-USD"}, {"trade_id": 848974495, "side": "buy", "size": "0.00999999", "price": "119750.42000000", "time": "2025-07-14T19:22:58.442137Z", "fetched_at": "2025-07-14T19:23:24.809991+00:00", "symbol": "BTC-USD"}, {"trade_id": 848974494, "side": "buy", "size": "0.00000001", "price": "119750.42000000", "time": "2025-07-14T19:22:58.441608Z", "fetched_at": "2025-07-14T19:23:24.809991+00:00", "symbol": "BTC-USD"}, {"trade_id": 848974493, "side": "buy", "size": "0.00007544", "price": "119752.23000000", "time": "2025-07-14T19:22:58.441608Z", "fetched_at": "2025-07-14T19:23:24.809991+00:00", "symbol": "BTC-USD"}, {"trade_id": 848974492, "side": "buy", "size": "0.00007545", "price": "119750.41000000", "time": "2025-07-14T19:22:58.395645Z", "fetched_at": "2025-07-14T19:23:24.809991+00:00", "symbol": "BTC-USD"}, {"trade_id": 848974491, "side": "buy", "size": "0.00007545", "price": "119750.41000000", "time": "2025-07-14T19:22:58.198980Z", "fetched_at": "2025-07-14T19:23:24.809991+00:00", "symbol": "BTC-USD"}, {"trade_id": 848974490, "side": "buy", "size": "0.00180157", "price": "119750.41000000", "time": "2025-07-14T19:22:58.198980Z", "fetched_at": "2025-07-14T19:23:24.809991+00:00", "symbol": "BTC-USD"}, {"trade_id": 848974489, "side": "sell", "size": "0.00569343", "price": "119750.41000000", "time": "2025-07-14T19:22:58.136983Z", "fetched_at": "2025-07-14T19:23:24.809991+00:00", "symbol": "BTC-USD"}, {"trade_id": 848974488, "side": "buy", "size": "0.00007545", "price": "119750.41000000", "time": "2025-07-14T19:22:58.049588Z", "fetched_at": "2025-07-14T19:23:24.809991+00:00", "symbol": "BTC-USD"}, {"trade_id": 848974487, "side": "buy", "size": "0.00007545", "price": "119750.41000000", "time": "2025-07-14T19:22:57.843944Z", "fetched_at": "2025-07-14T19:23:24.809991+00:00", "symbol": "BTC-USD"}, {"trade_id": 848974486, "side": "sell", "size": "0.00000909", "price": "119750.42000000", "time": "2025-07-14T19:22:57.838987Z", "fetched_at": "2025-07-14T19:23:24.809991+00:00", "symbol": "BTC-USD"}, {"trade_id": 848974485, "side": "buy", "size": "0.00835072", "price": "119750.02000000", "time": "2025-07-14T19:22:57.793043Z", "fetched_at": "2025-07-14T19:23:24.809991+00:00", "symbol": "BTC-USD"}, {"trade_id": 848974484, "side": "buy", "size": "0.00007545", "price": "119750.41000000", "time": "2025-07-14T19:22:57.793043Z", "fetched_at": "2025-07-14T19:23:24.809991+00:00", "symbol": "BTC-USD"}, {"trade_id": 848974483, "side": "buy", "size": "0.00007545", "price": "119750.43000000", "time": "2025-07-14T19:22:57.503682Z", "fetched_at": "2025-07-14T19:23:24.809991+00:00", "symbol": "BTC-USD"}, {"trade_id": 848974482, "side": "sell", "size": "0.00015156", "price": "119750.44000000", "time": "2025-07-14T19:22:57.452232Z", "fetched_at": "2025-07-14T19:23:24.809991+00:00", "symbol": "BTC-USD"}, {"trade_id": 848974481, "side": "sell", "size": "0.00000664", "price": "119750.00000000", "time": "2025-07-14T19:22:57.452232Z", "fetched_at": "2025-07-14T19:23:24.809991+00:00", "symbol": "BTC-USD"}, {"trade_id": 848974480, "side": "sell", "size": "0.00000099", "price": "119750.00000000", "time": "2025-07-14T19:22:56.960128Z", "fetched_at": "2025-07-14T19:23:24.809991+00:00", "symbol": "BTC-USD"}, {"trade_id": 848974479, "side": "buy", "size": "0.00178883", "price": "119749.99000000", "time": "2025-07-14T19:22:56.951005Z", "fetched_at": "2025-07-14T19:23:24.809991+00:00", "symbol": "BTC-USD"}, {"trade_id": 848974478, "side": "sell", "size": "0.00000099", "price": "119750.00000000", "time": "2025-07-14T19:22:55.811133Z", "fetched_at": "2025-07-14T19:23:24.809991+00:00", "symbol": "BTC-USD"}, {"trade_id": 848974477, "side": "sell", "size": "0.00000099", "price": "119750.00000000", "time": "2025-07-14T19:22:55.121761Z", "fetched_at": "2025-07-14T19:23:24.809991+00:00", "symbol": "BTC-USD"}, {"trade_id": 848974476, "side": "buy", "size": "0.00065611", "price": "119749.99000000", "time": "2025-07-14T19:22:55.019302Z", "fetched_at": "2025-07-14T19:23:24.809991+00:00", "symbol": "BTC-USD"}, {"trade_id": 848974475, "side": "buy", "size": "0.00007545", "price": "119749.99000000", "time": "2025-07-14T19:22:55.019302Z", "fetched_at": "2025-07-14T19:23:24.809991+00:00", "symbol": "BTC-USD"}, {"trade_id": 848974474, "side": "sell", "size": "0.00000099", "price": "119750.00000000", "time": "2025-07-14T19:22:54.734978Z", "fetched_at": "2025-07-14T19:23:24.809991+00:00", "symbol": "BTC-USD"}, {"trade_id": 848974473, "side": "sell", "size": "0.00000099", "price": "119750.00000000", "time": "2025-07-14T19:22:54.663774Z", "fetched_at": "2025-07-14T19:23:24.809991+00:00", "symbol": "BTC-USD"}, {"trade_id": 848974472, "side": "buy", "size": "0.00007545", "price": "119750.00000000", "time": "2025-07-14T19:22:54.654595Z", "fetched_at": "2025-07-14T19:23:24.809991+00:00", "symbol": "BTC-USD"}, {"trade_id": 848974471, "side": "buy", "size": "0.00007545", "price": "119750.05000000", "time": "2025-07-14T19:22:54.553961Z", "fetched_at": "2025-07-14T19:23:24.809991+00:00", "symbol": "BTC-USD"}, {"trade_id": 848974470, "side": "buy", "size": "0.60600000", "price": "119750.05000000", "time": "2025-07-14T19:22:54.553961Z", "fetched_at": "2025-07-14T19:23:24.809991+00:00", "symbol": "BTC-USD"}, {"trade_id": 848974469, "side": "buy", "size": "0.01311816", "price": "119750.05000000", "time": "2025-07-14T19:22:54.553961Z", "fetched_at": "2025-07-14T19:23:24.809991+00:00", "symbol": "BTC-USD"}, {"trade_id": 848974468, "side": "buy", "size": "0.00026184", "price": "119750.05000000", "time": "2025-07-14T19:22:54.548329Z", "fetched_at": "2025-07-14T19:23:24.809991+00:00", "symbol": "BTC-USD"}, {"trade_id": 848974467, "side": "buy", "size": "0.00007545", "price": "119750.05000000", "time": "2025-07-14T19:22:54.548329Z", "fetched_at": "2025-07-14T19:23:24.809991+00:00", "symbol": "BTC-USD"}, {"trade_id": 848974466, "side": "sell", "size": "0.00081132", "price": "119750.06000000", "time": "2025-07-14T19:22:54.117312Z", "fetched_at": "2025-07-14T19:23:24.809991+00:00", "symbol": "BTC-USD"}, {"trade_id": 848974465, "side": "buy", "size": "0.00007545", "price": "119750.05000000", "time": "2025-07-14T19:22:54.056137Z", "fetched_at": "2025-07-14T19:23:24.809991+00:00", "symbol": "BTC-USD"}, {"trade_id": 848974464, "side": "sell", "size": "0.02291684", "price": "119750.05000000", "time": "2025-07-14T19:22:53.949985Z", "fetched_at": "2025-07-14T19:23:24.809991+00:00", "symbol": "BTC-USD"}, {"trade_id": 848974463, "side": "sell", "size": "1.28712906", "price": "119750.00000000", "time": "2025-07-14T19:22:53.949985Z", "fetched_at": "2025-07-14T19:23:24.809991+00:00", "symbol": "BTC-USD"}, {"trade_id": 848974462, "side": "sell", "size": "0.00005410", "price": "119749.99000000", "time": "2025-07-14T19:22:53.949985Z", "fetched_at": "2025-07-14T19:23:24.809991+00:00", "symbol": "BTC-USD"}, {"trade_id": 848974461, "side": "sell", "size": "0.01641290", "price": "119750.00000000", "time": "2025-07-14T19:22:53.915312Z", "fetched_at": "2025-07-14T19:23:24.809991+00:00", "symbol": "BTC-USD"}, {"trade_id": 848974460, "side": "sell", "size": "0.00005410", "price": "119749.99000000", "time": "2025-07-14T19:22:53.915312Z", "fetched_at": "2025-07-14T19:23:24.809991+00:00", "symbol": "BTC-USD"}, {"trade_id": 848974459, "side": "sell", "size": "0.00018931", "price": "119750.05000000", "time": "2025-07-14T19:22:53.812619Z", "fetched_at": "2025-07-14T19:23:24.809991+00:00", "symbol": "BTC-USD"}, {"trade_id": 848974458, "side": "sell", "size": "0.00005410", "price": "119748.31000000", "time": "2025-07-14T19:22:53.812619Z", "fetched_at": "2025-07-14T19:23:24.809991+00:00", "symbol": "BTC-USD"}, {"trade_id": 848974457, "side": "buy", "size": "0.00634934", "price": "119750.05000000", "time": "2025-07-14T19:22:53.763800Z", "fetched_at": "2025-07-14T19:23:24.809991+00:00", "symbol": "BTC-USD"}, {"trade_id": 848974456, "side": "sell", "size": "0.00004133", "price": "119754.48000000", "time": "2025-07-14T19:22:53.509516Z", "fetched_at": "2025-07-14T19:23:24.809991+00:00", "symbol": "BTC-USD"}, {"trade_id": 848974455, "side": "buy", "size": "0.00001000", "price": "119757.28000000", "time": "2025-07-14T19:22:53.447459Z", "fetched_at": "2025-07-14T19:23:24.809991+00:00", "symbol": "BTC-USD"}, {"trade_id": 848974454, "side": "sell", "size": "0.01651100", "price": "119757.76000000", "time": "2025-07-14T19:22:53.446567Z", "fetched_at": "2025-07-14T19:23:24.809991+00:00", "symbol": "BTC-USD"}, {"trade_id": 848974453, "side": "sell", "size": "0.00543000", "price": "119757.29000000", "time": "2025-07-14T19:22:53.446567Z", "fetched_at": "2025-07-14T19:23:24.809991+00:00", "symbol": "BTC-USD"}, {"trade_id": 848974452, "side": "buy", "size": "0.00828474", "price": "119757.83000000", "time": "2025-07-14T19:22:53.297242Z", "fetched_at": "2025-07-14T19:23:24.809991+00:00", "symbol": "BTC-USD"}, {"trade_id": 848974451, "side": "buy", "size": "0.00007544", "price": "119759.63000000", "time": "2025-07-14T19:22:53.297242Z", "fetched_at": "2025-07-14T19:23:24.809991+00:00", "symbol": "BTC-USD"}, {"trade_id": 848974450, "side": "buy", "size": "0.00397924", "price": "119759.63000000", "time": "2025-07-14T19:22:53.297242Z", "fetched_at": "2025-07-14T19:23:24.809991+00:00", "symbol": "BTC-USD"}, {"trade_id": 848974449, "side": "sell", "size": "0.00243403", "price": "119759.64000000", "time": "2025-07-14T19:22:53.226060Z", "fetched_at": "2025-07-14T19:23:24.809991+00:00", "symbol": "BTC-USD"}, {"trade_id": 848974448, "side": "buy", "size": "0.00102076", "price": "119759.63000000", "time": "2025-07-14T19:22:53.144893Z", "fetched_at": "2025-07-14T19:23:24.809991+00:00", "symbol": "BTC-USD"}, {"trade_id": 848974447, "side": "buy", "size": "0.00007544", "price": "119760.28000000", "time": "2025-07-14T19:22:53.144893Z", "fetched_at": "2025-07-14T19:23:24.809991+00:00", "symbol": "BTC-USD"}, {"trade_id": 848974446, "side": "buy", "size": "0.00001000", "price": "119766.26000000", "time": "2025-07-14T19:22:53.001882Z", "fetched_at": "2025-07-14T19:23:24.809991+00:00", "symbol": "BTC-USD"}, {"trade_id": 848974445, "side": "buy", "size": "0.19102332", "price": "119766.92000000", "time": "2025-07-14T19:22:53.001882Z", "fetched_at": "2025-07-14T19:23:24.809991+00:00", "symbol": "BTC-USD"}, {"trade_id": 848974444, "side": "buy", "size": "0.07641930", "price": "119766.92000000", "time": "2025-07-14T19:22:52.998576Z", "fetched_at": "2025-07-14T19:23:24.809991+00:00", "symbol": "BTC-USD"}, {"trade_id": 848974443, "side": "sell", "size": "0.01121700", "price": "119766.93000000", "time": "2025-07-14T19:22:52.977591Z", "fetched_at": "2025-07-14T19:23:24.809991+00:00", "symbol": "BTC-USD"}, {"trade_id": 848974442, "side": "sell", "size": "0.03500000", "price": "119766.93000000", "time": "2025-07-14T19:22:52.977591Z", "fetched_at": "2025-07-14T19:23:24.809991+00:00", "symbol": "BTC-USD"}, {"trade_id": 848974441, "side": "sell", "size": "0.00382000", "price": "119766.93000000", "time": "2025-07-14T19:22:52.977591Z", "fetched_at": "2025-07-14T19:23:24.809991+00:00", "symbol": "BTC-USD"}, {"trade_id": 848974440, "side": "sell", "size": "0.00667000", "price": "119771.83000000", "time": "2025-07-14T19:22:52.848144Z", "fetched_at": "2025-07-14T19:23:24.809991+00:00", "symbol": "BTC-USD"}, {"trade_id": 848974439, "side": "sell", "size": "0.06480000", "price": "119771.83000000", "time": "2025-07-14T19:22:52.848144Z", "fetched_at": "2025-07-14T19:23:24.809991+00:00", "symbol": "BTC-USD"}, {"trade_id": 848974438, "side": "sell", "size": "0.03500000", "price": "119771.83000000", "time": "2025-07-14T19:22:52.848144Z", "fetched_at": "2025-07-14T19:23:24.809991+00:00", "symbol": "BTC-USD"}, {"trade_id": 848974437, "side": "sell", "size": "0.00543000", "price": "119771.83000000", "time": "2025-07-14T19:22:52.848144Z", "fetched_at": "2025-07-14T19:23:24.809991+00:00", "symbol": "BTC-USD"}, {"trade_id": 848974436, "side": "sell", "size": "0.00165310", "price": "119771.83000000", "time": "2025-07-14T19:22:52.662328Z", "fetched_at": "2025-07-14T19:23:24.809991+00:00", "symbol": "BTC-USD"}, {"trade_id": 848974435, "side": "sell", "size": "0.02673265", "price": "119770.03000000", "time": "2025-07-14T19:22:52.637066Z", "fetched_at": "2025-07-14T19:23:24.809991+00:00", "symbol": "BTC-USD"}, {"trade_id": 848974434, "side": "sell", "size": "0.06480000", "price": "119770.03000000", "time": "2025-07-14T19:22:52.637066Z", "fetched_at": "2025-07-14T19:23:24.809991+00:00", "symbol": "BTC-USD"}, {"trade_id": 848974433, "side": "sell", "size": "0.00543000", "price": "119770.03000000", "time": "2025-07-14T19:22:52.637066Z", "fetched_at": "2025-07-14T19:23:24.809991+00:00", "symbol": "BTC-USD"}, {"trade_id": 848974432, "side": "sell", "size": "0.06095500", "price": "119770.03000000", "time": "2025-07-14T19:22:52.508358Z", "fetched_at": "2025-07-14T19:23:24.809991+00:00", "symbol": "BTC-USD"}, {"trade_id": 848974431, "side": "sell", "size": "0.02000000", "price": "119770.03000000", "time": "2025-07-14T19:22:52.508358Z", "fetched_at": "2025-07-14T19:23:24.809991+00:00", "symbol": "BTC-USD"}, {"trade_id": 848974430, "side": "sell", "size": "0.00383300", "price": "119770.03000000", "time": "2025-07-14T19:22:52.508358Z", "fetched_at": "2025-07-14T19:23:24.809991+00:00", "symbol": "BTC-USD"}, {"trade_id": 848974429, "side": "buy", "size": "0.03393521", "price": "119774.62000000", "time": "2025-07-14T19:22:52.408824Z", "fetched_at": "2025-07-14T19:23:24.809991+00:00", "symbol": "BTC-USD"}, {"trade_id": 848974428, "side": "buy", "size": "0.23349022", "price": "119774.62000000", "time": "2025-07-14T19:22:52.401647Z", "fetched_at": "2025-07-14T19:23:24.809991+00:00", "symbol": "BTC-USD"}, {"trade_id": 848974427, "side": "buy", "size": "0.00000242", "price": "119774.62000000", "time": "2025-07-14T19:22:52.401647Z", "fetched_at": "2025-07-14T19:23:24.809991+00:00", "symbol": "BTC-USD"}, {"trade_id": 848974426, "side": "buy", "size": "0.00000050", "price": "119774.62000000", "time": "2025-07-14T19:22:52.401647Z", "fetched_at": "2025-07-14T19:23:24.809991+00:00", "symbol": "BTC-USD"}, {"trade_id": 848974425, "side": "buy", "size": "0.34951938", "price": "119774.62000000", "time": "2025-07-14T19:22:52.401647Z", "fetched_at": "2025-07-14T19:23:24.809991+00:00", "symbol": "BTC-USD"}, {"trade_id": 848974424, "side": "sell", "size": "0.00014184", "price": "119774.63000000", "time": "2025-07-14T19:22:52.205330Z", "fetched_at": "2025-07-14T19:23:24.809991+00:00", "symbol": "BTC-USD"}, {"trade_id": 848974423, "side": "buy", "size": "0.25648062", "price": "119774.62000000", "time": "2025-07-14T19:22:51.893855Z", "fetched_at": "2025-07-14T19:23:24.809991+00:00", "symbol": "BTC-USD"}, {"trade_id": 848974422, "side": "buy", "size": "0.22049605", "price": "119774.62000000", "time": "2025-07-14T19:22:51.893855Z", "fetched_at": "2025-07-14T19:23:24.809991+00:00", "symbol": "BTC-USD"}, {"trade_id": 848974421, "side": "sell", "size": "0.00000008", "price": "119774.63000000", "time": "2025-07-14T19:22:51.448263Z", "fetched_at": "2025-07-14T19:23:24.809991+00:00", "symbol": "BTC-USD"}, {"trade_id": 848974420, "side": "sell", "size": "0.00001644", "price": "119774.63000000", "time": "2025-07-14T19:22:51.430544Z", "fetched_at": "2025-07-14T19:23:24.809991+00:00", "symbol": "BTC-USD"}, {"trade_id": 848974419, "side": "buy", "size": "0.04692938", "price": "119774.62000000", "time": "2025-07-14T19:22:51.358962Z", "fetched_at": "2025-07-14T19:23:24.809991+00:00", "symbol": "BTC-USD"}, {"trade_id": 848974418, "side": "buy", "size": "0.00000492", "price": "119774.62000000", "time": "2025-07-14T19:22:51.358962Z", "fetched_at": "2025-07-14T19:23:24.809991+00:00", "symbol": "BTC-USD"}, {"trade_id": 848974417, "side": "buy", "size": "0.00001385", "price": "119774.62000000", "time": "2025-07-14T19:22:51.358962Z", "fetched_at": "2025-07-14T19:23:24.809991+00:00", "symbol": "BTC-USD"}, {"trade_id": 848974416, "side": "buy", "size": "0.41378734", "price": "119774.62000000", "time": "2025-07-14T19:22:51.358962Z", "fetched_at": "2025-07-14T19:23:24.809991+00:00", "symbol": "BTC-USD"}, {"trade_id": 848974415, "side": "sell", "size": "0.00454747", "price": "119774.63000000", "time": "2025-07-14T19:22:51.284386Z", "fetched_at": "2025-07-14T19:23:24.809991+00:00", "symbol": "BTC-USD"}, {"trade_id": 848974414, "side": "sell", "size": "0.00000664", "price": "119774.63000000", "time": "2025-07-14T19:22:51.284386Z", "fetched_at": "2025-07-14T19:23:24.809991+00:00", "symbol": "BTC-USD"}, {"trade_id": 848974413, "side": "sell", "size": "0.00001573", "price": "119774.63000000", "time": "2025-07-14T19:22:51.284386Z", "fetched_at": "2025-07-14T19:23:24.809991+00:00", "symbol": "BTC-USD"}, {"trade_id": 848974412, "side": "buy", "size": "0.17107951", "price": "119774.62000000", "time": "2025-07-14T19:22:50.849483Z", "fetched_at": "2025-07-14T19:23:24.809991+00:00", "symbol": "BTC-USD"}, {"trade_id": 848974411, "side": "buy", "size": "0.19075627", "price": "119774.62000000", "time": "2025-07-14T19:22:50.849483Z", "fetched_at": "2025-07-14T19:23:24.809991+00:00", "symbol": "BTC-USD"}, {"trade_id": 848974410, "side": "buy", "size": "0.00000099", "price": "119774.62000000", "time": "2025-07-14T19:22:50.719672Z", "fetched_at": "2025-07-14T19:23:24.809991+00:00", "symbol": "BTC-USD"}, {"trade_id": 848974409, "side": "buy", "size": "0.00088539", "price": "119774.62000000", "time": "2025-07-14T19:22:50.512870Z", "fetched_at": "2025-07-14T19:23:24.809991+00:00", "symbol": "BTC-USD"}, {"trade_id": 848974408, "side": "buy", "size": "0.07578278", "price": "119774.62000000", "time": "2025-07-14T19:22:50.441328Z", "fetched_at": "2025-07-14T19:23:24.809991+00:00", "symbol": "BTC-USD"}, {"trade_id": 848974407, "side": "buy", "size": "0.00002204", "price": "119774.62000000", "time": "2025-07-14T19:22:50.441328Z", "fetched_at": "2025-07-14T19:23:24.809991+00:00", "symbol": "BTC-USD"}, {"trade_id": 848974406, "side": "buy", "size": "0.00006203", "price": "119774.62000000", "time": "2025-07-14T19:22:50.441328Z", "fetched_at": "2025-07-14T19:23:24.809991+00:00", "symbol": "BTC-USD"}, {"trade_id": 848974405, "side": "buy", "size": "0.02113315", "price": "119774.62000000", "time": "2025-07-14T19:22:50.441328Z", "fetched_at": "2025-07-14T19:23:24.809991+00:00", "symbol": "BTC-USD"}, {"trade_id": 848974404, "side": "sell", "size": "0.00096477", "price": "119774.63000000", "time": "2025-07-14T19:22:50.269922Z", "fetched_at": "2025-07-14T19:23:24.809991+00:00", "symbol": "BTC-USD"}, {"trade_id": 848974403, "side": "sell", "size": "0.00200000", "price": "119774.63000000", "time": "2025-07-14T19:22:49.922300Z", "fetched_at": "2025-07-14T19:23:24.809991+00:00", "symbol": "BTC-USD"}, {"trade_id": 848974402, "side": "sell", "size": "0.00004984", "price": "119774.63000000", "time": "2025-07-14T19:22:49.745272Z", "fetched_at": "2025-07-14T19:23:24.809991+00:00", "symbol": "BTC-USD"}, {"trade_id": 848974401, "side": "buy", "size": "0.00007543", "price": "119779.10000000", "time": "2025-07-14T19:22:49.723368Z", "fetched_at": "2025-07-14T19:23:24.809991+00:00", "symbol": "BTC-USD"}, {"trade_id": 848974400, "side": "sell", "size": "0.00115800", "price": "119779.11000000", "time": "2025-07-14T19:22:49.694309Z", "fetched_at": "2025-07-14T19:23:24.809991+00:00", "symbol": "BTC-USD"}, {"trade_id": 848974399, "side": "buy", "size": "0.00007543", "price": "119780.90000000", "time": "2025-07-14T19:22:49.607504Z", "fetched_at": "2025-07-14T19:23:24.809991+00:00", "symbol": "BTC-USD"}, {"trade_id": 848974398, "side": "buy", "size": "0.19437148", "price": "119780.90000000", "time": "2025-07-14T19:22:49.607504Z", "fetched_at": "2025-07-14T19:23:24.809991+00:00", "symbol": "BTC-USD"}, {"trade_id": 848974397, "side": "sell", "size": "0.00004753", "price": "119780.91000000", "time": "2025-07-14T19:22:49.424612Z", "fetched_at": "2025-07-14T19:23:24.809991+00:00", "symbol": "BTC-USD"}, {"trade_id": 848974396, "side": "buy", "size": "0.00142452", "price": "119780.90000000", "time": "2025-07-14T19:22:49.302610Z", "fetched_at": "2025-07-14T19:23:24.809991+00:00", "symbol": "BTC-USD"}, {"trade_id": 848974395, "side": "buy", "size": "0.30146954", "price": "119780.90000000", "time": "2025-07-14T19:22:49.302610Z", "fetched_at": "2025-07-14T19:23:24.809991+00:00", "symbol": "BTC-USD"}, {"trade_id": 848974394, "side": "buy", "size": "0.00207988", "price": "119780.90000000", "time": "2025-07-14T19:22:49.266266Z", "fetched_at": "2025-07-14T19:23:24.809991+00:00", "symbol": "BTC-USD"}, {"trade_id": 848974393, "side": "buy", "size": "0.14069643", "price": "119780.90000000", "time": "2025-07-14T19:22:49.207379Z", "fetched_at": "2025-07-14T19:23:24.809991+00:00", "symbol": "BTC-USD"}, {"trade_id": 848974392, "side": "buy", "size": "0.14062100", "price": "119780.90000000", "time": "2025-07-14T19:22:49.110315Z", "fetched_at": "2025-07-14T19:23:24.809991+00:00", "symbol": "BTC-USD"}, {"trade_id": 848974391, "side": "buy", "size": "0.00007543", "price": "119780.90000000", "time": "2025-07-14T19:22:49.110315Z", "fetched_at": "2025-07-14T19:23:24.809991+00:00", "symbol": "BTC-USD"}, {"trade_id": 848974390, "side": "sell", "size": "0.00032492", "price": "119780.91000000", "time": "2025-07-14T19:22:49.033642Z", "fetched_at": "2025-07-14T19:23:24.809991+00:00", "symbol": "BTC-USD"}, {"trade_id": 848974389, "side": "sell", "size": "0.00000025", "price": "119780.91000000", "time": "2025-07-14T19:22:48.953195Z", "fetched_at": "2025-07-14T19:23:24.809991+00:00", "symbol": "BTC-USD"}, {"trade_id": 848974388, "side": "buy", "size": "0.00576908", "price": "119780.90000000", "time": "2025-07-14T19:22:48.913190Z", "fetched_at": "2025-07-14T19:23:24.809991+00:00", "symbol": "BTC-USD"}, {"trade_id": 848974387, "side": "buy", "size": "0.00417364", "price": "119782.65000000", "time": "2025-07-14T19:22:48.913190Z", "fetched_at": "2025-07-14T19:23:24.809991+00:00", "symbol": "BTC-USD"}, {"trade_id": 848974386, "side": "buy", "size": "0.00007543", "price": "119782.66000000", "time": "2025-07-14T19:22:48.913190Z", "fetched_at": "2025-07-14T19:23:24.809991+00:00", "symbol": "BTC-USD"}, {"trade_id": 848974385, "side": "sell", "size": "0.18864404", "price": "119789.67000000", "time": "2025-07-14T19:22:48.744551Z", "fetched_at": "2025-07-14T19:23:24.809991+00:00", "symbol": "BTC-USD"}, {"trade_id": 848974384, "side": "sell", "size": "0.01000000", "price": "119789.67000000", "time": "2025-07-14T19:22:48.744551Z", "fetched_at": "2025-07-14T19:23:24.809991+00:00", "symbol": "BTC-USD"}, {"trade_id": 848974383, "side": "buy", "size": "0.01365213", "price": "119782.64000000", "time": "2025-07-14T19:22:48.537426Z", "fetched_at": "2025-07-14T19:23:24.809991+00:00", "symbol": "BTC-USD"}, {"trade_id": 848974382, "side": "buy", "size": "0.00834787", "price": "119791.06000000", "time": "2025-07-14T19:22:48.537426Z", "fetched_at": "2025-07-14T19:23:24.809991+00:00", "symbol": "BTC-USD"}, {"trade_id": 848974381, "side": "sell", "size": "0.00009665", "price": "119805.16000000", "time": "2025-07-14T19:22:48.520694Z", "fetched_at": "2025-07-14T19:23:24.809991+00:00", "symbol": "BTC-USD"}, {"trade_id": 848974380, "side": "buy", "size": "0.01252456", "price": "119782.58000000", "time": "2025-07-14T19:22:48.512215Z", "fetched_at": "2025-07-14T19:23:24.809991+00:00", "symbol": "BTC-USD"}, {"trade_id": 848974379, "side": "buy", "size": "0.01000000", "price": "119782.59000000", "time": "2025-07-14T19:22:48.512215Z", "fetched_at": "2025-07-14T19:23:24.809991+00:00", "symbol": "BTC-USD"}, {"trade_id": 848974378, "side": "buy", "size": "0.00007543", "price": "119782.60000000", "time": "2025-07-14T19:22:48.512215Z", "fetched_at": "2025-07-14T19:23:24.809991+00:00", "symbol": "BTC-USD"}, {"trade_id": 848974377, "side": "buy", "size": "0.00018827", "price": "119792.81000000", "time": "2025-07-14T19:22:48.512215Z", "fetched_at": "2025-07-14T19:23:24.809991+00:00", "symbol": "BTC-USD"}, {"trade_id": 848974376, "side": "buy", "size": "0.00021174", "price": "119792.86000000", "time": "2025-07-14T19:22:48.512215Z", "fetched_at": "2025-07-14T19:23:24.809991+00:00", "symbol": "BTC-USD"}, {"trade_id": 848974375, "side": "sell", "size": "0.04741170", "price": "119821.48000000", "time": "2025-07-14T19:22:48.429560Z", "fetched_at": "2025-07-14T19:23:24.809991+00:00", "symbol": "BTC-USD"}, {"trade_id": 848974374, "side": "sell", "size": "0.00001000", "price": "119820.14000000", "time": "2025-07-14T19:22:48.429560Z", "fetched_at": "2025-07-14T19:23:24.809991+00:00", "symbol": "BTC-USD"}, {"trade_id": 848974373, "side": "sell", "size": "0.03120817", "price": "119815.17000000", "time": "2025-07-14T19:22:48.429560Z", "fetched_at": "2025-07-14T19:23:24.809991+00:00", "symbol": "BTC-USD"}, {"trade_id": 848974372, "side": "sell", "size": "0.05629508", "price": "119815.16000000", "time": "2025-07-14T19:22:48.429560Z", "fetched_at": "2025-07-14T19:23:24.809991+00:00", "symbol": "BTC-USD"}, {"trade_id": 848974371, "side": "sell", "size": "0.03484121", "price": "119815.05000000", "time": "2025-07-14T19:22:48.429560Z", "fetched_at": "2025-07-14T19:23:24.809991+00:00", "symbol": "BTC-USD"}, {"trade_id": 848974370, "side": "sell", "size": "0.03331336", "price": "119813.00000000", "time": "2025-07-14T19:22:48.429560Z", "fetched_at": "2025-07-14T19:23:24.809991+00:00", "symbol": "BTC-USD"}, {"trade_id": 848974369, "side": "sell", "size": "0.00001000", "price": "119811.16000000", "time": "2025-07-14T19:22:48.429560Z", "fetched_at": "2025-07-14T19:23:24.809991+00:00", "symbol": "BTC-USD"}, {"trade_id": 848974368, "side": "sell", "size": "0.01925515", "price": "119809.25000000", "time": "2025-07-14T19:22:48.429560Z", "fetched_at": "2025-07-14T19:23:24.809991+00:00", "symbol": "BTC-USD"}, {"trade_id": 848974367, "side": "sell", "size": "0.06480000", "price": "119807.88000000", "time": "2025-07-14T19:22:48.429560Z", "fetched_at": "2025-07-14T19:23:24.809991+00:00", "symbol": "BTC-USD"}, {"trade_id": 848974366, "side": "sell", "size": "0.02665751", "price": "119807.85000000", "time": "2025-07-14T19:22:48.429560Z", "fetched_at": "2025-07-14T19:23:24.809991+00:00", "symbol": "BTC-USD"}, {"trade_id": 848974365, "side": "sell", "size": "0.02580038", "price": "119807.72000000", "time": "2025-07-14T19:22:48.429560Z", "fetched_at": "2025-07-14T19:23:24.809991+00:00", "symbol": "BTC-USD"}, {"trade_id": 848974364, "side": "sell", "size": "0.00001777", "price": "119807.71000000", "time": "2025-07-14T19:22:48.429560Z", "fetched_at": "2025-07-14T19:23:24.809991+00:00", "symbol": "BTC-USD"}, {"trade_id": 848974363, "side": "sell", "size": "0.00001000", "price": "119802.18000000", "time": "2025-07-14T19:22:48.429560Z", "fetched_at": "2025-07-14T19:23:24.809991+00:00", "symbol": "BTC-USD"}, {"trade_id": 848974362, "side": "sell", "size": "0.00001000", "price": "119793.20000000", "time": "2025-07-14T19:22:48.429560Z", "fetched_at": "2025-07-14T19:23:24.809991+00:00", "symbol": "BTC-USD"}, {"trade_id": 848974361, "side": "sell", "size": "0.23467423", "price": "119779.50000000", "time": "2025-07-14T19:22:48.429560Z", "fetched_at": "2025-07-14T19:23:24.809991+00:00", "symbol": "BTC-USD"}, {"trade_id": 848974360, "side": "sell", "size": "0.06407937", "price": "119779.50000000", "time": "2025-07-14T19:22:48.422679Z", "fetched_at": "2025-07-14T19:23:24.809991+00:00", "symbol": "BTC-USD"}, {"trade_id": 848974359, "side": "sell", "size": "0.03931277", "price": "119779.50000000", "time": "2025-07-14T19:22:48.422463Z", "fetched_at": "2025-07-14T19:23:24.809991+00:00", "symbol": "BTC-USD"}, {"trade_id": 848974358, "side": "sell", "size": "0.01974271", "price": "119779.50000000", "time": "2025-07-14T19:22:48.421803Z", "fetched_at": "2025-07-14T19:23:24.809991+00:00", "symbol": "BTC-USD"}, {"trade_id": 848974357, "side": "sell", "size": "0.01061403", "price": "119779.50000000", "time": "2025-07-14T19:22:48.421786Z", "fetched_at": "2025-07-14T19:23:24.809991+00:00", "symbol": "BTC-USD"}, {"trade_id": 848974356, "side": "sell", "size": "0.15258830", "price": "119779.50000000", "time": "2025-07-14T19:22:48.419332Z", "fetched_at": "2025-07-14T19:23:24.809991+00:00", "symbol": "BTC-USD"}, {"trade_id": 848974355, "side": "sell", "size": "0.00267248", "price": "119779.50000000", "time": "2025-07-14T19:22:48.418405Z", "fetched_at": "2025-07-14T19:23:24.809991+00:00", "symbol": "BTC-USD"}, {"trade_id": 848974354, "side": "sell", "size": "0.01000000", "price": "119779.49000000", "time": "2025-07-14T19:22:48.418405Z", "fetched_at": "2025-07-14T19:23:24.809991+00:00", "symbol": "BTC-USD"}, {"trade_id": 848974353, "side": "buy", "size": "0.00000228", "price": "119779.28000000", "time": "2025-07-14T19:22:48.418334Z", "fetched_at": "2025-07-14T19:23:24.809991+00:00", "symbol": "BTC-USD"}, {"trade_id": 848974352, "side": "buy", "size": "0.00598000", "price": "119780.72000000", "time": "2025-07-14T19:22:48.414364Z", "fetched_at": "2025-07-14T19:23:24.809991+00:00", "symbol": "BTC-USD"}, {"trade_id": 848974351, "side": "buy", "size": "0.00040765", "price": "119782.37000000", "time": "2025-07-14T19:22:48.414364Z", "fetched_at": "2025-07-14T19:23:24.809991+00:00", "symbol": "BTC-USD"}, {"trade_id": 848974350, "side": "buy", "size": "0.00007543", "price": "119783.45000000", "time": "2025-07-14T19:22:48.414364Z", "fetched_at": "2025-07-14T19:23:24.809991+00:00", "symbol": "BTC-USD"}, {"trade_id": 848974349, "side": "buy", "size": "0.06480000", "price": "119783.67000000", "time": "2025-07-14T19:22:48.414364Z", "fetched_at": "2025-07-14T19:23:24.809991+00:00", "symbol": "BTC-USD"}, {"trade_id": 848974348, "side": "sell", "size": "0.00834869", "price": "119779.29000000", "time": "2025-07-14T19:22:48.363118Z", "fetched_at": "2025-07-14T19:23:24.809991+00:00", "symbol": "BTC-USD"}, {"trade_id": 848974347, "side": "sell", "size": "0.26677742", "price": "119777.73000000", "time": "2025-07-14T19:22:48.363118Z", "fetched_at": "2025-07-14T19:23:24.809991+00:00", "symbol": "BTC-USD"}, {"trade_id": 848974346, "side": "sell", "size": "0.25830145", "price": "119777.73000000", "time": "2025-07-14T19:22:48.312910Z", "fetched_at": "2025-07-14T19:23:24.809991+00:00", "symbol": "BTC-USD"}, {"trade_id": 848974345, "side": "sell", "size": "0.39134629", "price": "119777.49000000", "time": "2025-07-14T19:22:48.312910Z", "fetched_at": "2025-07-14T19:23:24.809991+00:00", "symbol": "BTC-USD"}, {"trade_id": 848974344, "side": "sell", "size": "0.03108383", "price": "119777.49000000", "time": "2025-07-14T19:22:48.096760Z", "fetched_at": "2025-07-14T19:23:24.809991+00:00", "symbol": "BTC-USD"}, {"trade_id": 848974343, "side": "sell", "size": "0.09894424", "price": "119777.49000000", "time": "2025-07-14T19:22:48.093089Z", "fetched_at": "2025-07-14T19:23:24.809991+00:00", "symbol": "BTC-USD"}, {"trade_id": 848974342, "side": "sell", "size": "0.02856132", "price": "119777.49000000", "time": "2025-07-14T19:22:48.089677Z", "fetched_at": "2025-07-14T19:23:24.809991+00:00", "symbol": "BTC-USD"}, {"trade_id": 848974341, "side": "sell", "size": "0.00679906", "price": "119777.49000000", "time": "2025-07-14T19:22:48.066763Z", "fetched_at": "2025-07-14T19:23:24.809991+00:00", "symbol": "BTC-USD"}, {"trade_id": 848974340, "side": "sell", "size": "0.03487500", "price": "119777.49000000", "time": "2025-07-14T19:22:48.057982Z", "fetched_at": "2025-07-14T19:23:24.809991+00:00", "symbol": "BTC-USD"}, {"trade_id": 848974339, "side": "sell", "size": "0.05331036", "price": "119777.49000000", "time": "2025-07-14T19:22:47.967631Z", "fetched_at": "2025-07-14T19:23:24.809991+00:00", "symbol": "BTC-USD"}, {"trade_id": 848974338, "side": "sell", "size": "0.03386789", "price": "119777.49000000", "time": "2025-07-14T19:22:47.863004Z", "fetched_at": "2025-07-14T19:23:24.809991+00:00", "symbol": "BTC-USD"}, {"trade_id": 848974337, "side": "sell", "size": "0.00001784", "price": "119777.49000000", "time": "2025-07-14T19:22:47.863004Z", "fetched_at": "2025-07-14T19:23:24.809991+00:00", "symbol": "BTC-USD"}, {"trade_id": 848974336, "side": "sell", "size": "0.00855031", "price": "119777.49000000", "time": "2025-07-14T19:22:47.821993Z", "fetched_at": "2025-07-14T19:23:24.809991+00:00", "symbol": "BTC-USD"}, {"trade_id": 848974335, "side": "sell", "size": "0.02608972", "price": "119777.49000000", "time": "2025-07-14T19:22:47.811862Z", "fetched_at": "2025-07-14T19:23:24.809991+00:00", "symbol": "BTC-USD"}, {"trade_id": 848974334, "side": "sell", "size": "0.04088061", "price": "119777.49000000", "time": "2025-07-14T19:22:47.780494Z", "fetched_at": "2025-07-14T19:23:24.809991+00:00", "symbol": "BTC-USD"}, {"trade_id": 848974333, "side": "sell", "size": "0.03989996", "price": "119777.49000000", "time": "2025-07-14T19:22:47.767374Z", "fetched_at": "2025-07-14T19:23:24.809991+00:00", "symbol": "BTC-USD"}, {"trade_id": 848974332, "side": "sell", "size": "0.00304023", "price": "119777.49000000", "time": "2025-07-14T19:22:47.763805Z", "fetched_at": "2025-07-14T19:23:24.809991+00:00", "symbol": "BTC-USD"}, {"trade_id": 848974331, "side": "sell", "size": "0.00275026", "price": "119777.49000000", "time": "2025-07-14T19:22:47.760152Z", "fetched_at": "2025-07-14T19:23:24.809991+00:00", "symbol": "BTC-USD"}, {"trade_id": 848974330, "side": "sell", "size": "0.00305660", "price": "119777.49000000", "time": "2025-07-14T19:22:47.756545Z", "fetched_at": "2025-07-14T19:23:24.809991+00:00", "symbol": "BTC-USD"}, {"trade_id": 848974329, "side": "sell", "size": "0.00320684", "price": "119777.49000000", "time": "2025-07-14T19:22:47.753364Z", "fetched_at": "2025-07-14T19:23:24.809991+00:00", "symbol": "BTC-USD"}, {"trade_id": 848974328, "side": "sell", "size": "0.00300988", "price": "119777.49000000", "time": "2025-07-14T19:22:47.749458Z", "fetched_at": "2025-07-14T19:23:24.809991+00:00", "symbol": "BTC-USD"}, {"trade_id": 848974327, "side": "sell", "size": "0.00281199", "price": "119777.49000000", "time": "2025-07-14T19:22:47.745872Z", "fetched_at": "2025-07-14T19:23:24.809991+00:00", "symbol": "BTC-USD"}, {"trade_id": 848974326, "side": "sell", "size": "0.00295976", "price": "119777.49000000", "time": "2025-07-14T19:22:47.742171Z", "fetched_at": "2025-07-14T19:23:24.809991+00:00", "symbol": "BTC-USD"}, {"trade_id": 848974325, "side": "sell", "size": "0.00295591", "price": "119777.49000000", "time": "2025-07-14T19:22:47.738835Z", "fetched_at": "2025-07-14T19:23:24.809991+00:00", "symbol": "BTC-USD"}, {"trade_id": 848974324, "side": "sell", "size": "0.00298436", "price": "119777.49000000", "time": "2025-07-14T19:22:47.735149Z", "fetched_at": "2025-07-14T19:23:24.809991+00:00", "symbol": "BTC-USD"}, {"trade_id": 848974323, "side": "sell", "size": "0.00257266", "price": "119777.49000000", "time": "2025-07-14T19:22:47.731673Z", "fetched_at": "2025-07-14T19:23:24.809991+00:00", "symbol": "BTC-USD"}, {"trade_id": 848974322, "side": "sell", "size": "0.00846165", "price": "119777.49000000", "time": "2025-07-14T19:22:47.728822Z", "fetched_at": "2025-07-14T19:23:24.809991+00:00", "symbol": "BTC-USD"}, {"trade_id": 848974321, "side": "sell", "size": "0.00267198", "price": "119777.49000000", "time": "2025-07-14T19:22:47.514639Z", "fetched_at": "2025-07-14T19:23:24.809991+00:00", "symbol": "BTC-USD"}, {"trade_id": 848974320, "side": "sell", "size": "0.00292709", "price": "119777.49000000", "time": "2025-07-14T19:22:47.511312Z", "fetched_at": "2025-07-14T19:23:24.809991+00:00", "symbol": "BTC-USD"}, {"trade_id": 848974319, "side": "sell", "size": "0.00324361", "price": "119777.49000000", "time": "2025-07-14T19:22:47.507981Z", "fetched_at": "2025-07-14T19:23:24.809991+00:00", "symbol": "BTC-USD"}, {"trade_id": 848974318, "side": "sell", "size": "0.00308571", "price": "119777.49000000", "time": "2025-07-14T19:22:47.504300Z", "fetched_at": "2025-07-14T19:23:24.809991+00:00", "symbol": "BTC-USD"}, {"trade_id": 848974317, "side": "sell", "size": "0.00306385", "price": "119777.49000000", "time": "2025-07-14T19:22:47.500368Z", "fetched_at": "2025-07-14T19:23:24.809991+00:00", "symbol": "BTC-USD"}, {"trade_id": 848974316, "side": "sell", "size": "0.00378065", "price": "119777.49000000", "time": "2025-07-14T19:22:47.496772Z", "fetched_at": "2025-07-14T19:23:24.809991+00:00", "symbol": "BTC-USD"}, {"trade_id": 848974315, "side": "sell", "size": "0.02665895", "price": "119777.49000000", "time": "2025-07-14T19:22:47.493053Z", "fetched_at": "2025-07-14T19:23:24.809991+00:00", "symbol": "BTC-USD"}, {"trade_id": 848974314, "side": "sell", "size": "0.00313711", "price": "119777.49000000", "time": "2025-07-14T19:22:47.488583Z", "fetched_at": "2025-07-14T19:23:24.809991+00:00", "symbol": "BTC-USD"}, {"trade_id": 848974313, "side": "sell", "size": "0.00324491", "price": "119777.49000000", "time": "2025-07-14T19:22:47.484439Z", "fetched_at": "2025-07-14T19:23:24.809991+00:00", "symbol": "BTC-USD"}, {"trade_id": 848974312, "side": "sell", "size": "0.00268340", "price": "119777.49000000", "time": "2025-07-14T19:22:47.480788Z", "fetched_at": "2025-07-14T19:23:24.809991+00:00", "symbol": "BTC-USD"}, {"trade_id": 848974311, "side": "sell", "size": "0.00607058", "price": "119777.49000000", "time": "2025-07-14T19:22:47.477153Z", "fetched_at": "2025-07-14T19:23:24.809991+00:00", "symbol": "BTC-USD"}, {"trade_id": 848974310, "side": "sell", "size": "0.01257244", "price": "119777.49000000", "time": "2025-07-14T19:22:47.473874Z", "fetched_at": "2025-07-14T19:23:24.809991+00:00", "symbol": "BTC-USD"}, {"trade_id": 848974309, "side": "sell", "size": "0.00320075", "price": "119777.49000000", "time": "2025-07-14T19:22:47.470150Z", "fetched_at": "2025-07-14T19:23:24.809991+00:00", "symbol": "BTC-USD"}, {"trade_id": 848974308, "side": "sell", "size": "0.00297042", "price": "119777.49000000", "time": "2025-07-14T19:22:47.466559Z", "fetched_at": "2025-07-14T19:23:24.809991+00:00", "symbol": "BTC-USD"}, {"trade_id": 848974307, "side": "sell", "size": "0.00410864", "price": "119777.49000000", "time": "2025-07-14T19:22:47.462993Z", "fetched_at": "2025-07-14T19:23:24.809991+00:00", "symbol": "BTC-USD"}, {"trade_id": 848974306, "side": "sell", "size": "0.00324497", "price": "119777.49000000", "time": "2025-07-14T19:22:47.458878Z", "fetched_at": "2025-07-14T19:23:24.809991+00:00", "symbol": "BTC-USD"}, {"trade_id": 848974305, "side": "sell", "size": "0.00334536", "price": "119777.49000000", "time": "2025-07-14T19:22:47.454044Z", "fetched_at": "2025-07-14T19:23:24.809991+00:00", "symbol": "BTC-USD"}, {"trade_id": 848974304, "side": "sell", "size": "0.00323759", "price": "119777.49000000", "time": "2025-07-14T19:22:47.450094Z", "fetched_at": "2025-07-14T19:23:24.809991+00:00", "symbol": "BTC-USD"}, {"trade_id": 848974303, "side": "sell", "size": "0.02028160", "price": "119777.49000000", "time": "2025-07-14T19:22:47.446067Z", "fetched_at": "2025-07-14T19:23:24.809991+00:00", "symbol": "BTC-USD"}, {"trade_id": 848974302, "side": "sell", "size": "0.00379382", "price": "119777.49000000", "time": "2025-07-14T19:22:47.373086Z", "fetched_at": "2025-07-14T19:23:24.809991+00:00", "symbol": "BTC-USD"}, {"trade_id": 848974301, "side": "sell", "size": "0.00329947", "price": "119777.49000000", "time": "2025-07-14T19:22:47.369585Z", "fetched_at": "2025-07-14T19:23:24.809991+00:00", "symbol": "BTC-USD"}, {"trade_id": 848974300, "side": "sell", "size": "0.01046016", "price": "119777.49000000", "time": "2025-07-14T19:22:47.365638Z", "fetched_at": "2025-07-14T19:23:24.809991+00:00", "symbol": "BTC-USD"}, {"trade_id": 848974299, "side": "sell", "size": "0.00619937", "price": "119777.49000000", "time": "2025-07-14T19:22:47.352866Z", "fetched_at": "2025-07-14T19:23:24.809991+00:00", "symbol": "BTC-USD"}, {"trade_id": 848974298, "side": "sell", "size": "0.02208004", "price": "119777.49000000", "time": "2025-07-14T19:22:47.345360Z", "fetched_at": "2025-07-14T19:23:24.809991+00:00", "symbol": "BTC-USD"}, {"trade_id": 848974297, "side": "sell", "size": "0.01843280", "price": "119777.49000000", "time": "2025-07-14T19:22:47.341699Z", "fetched_at": "2025-07-14T19:23:24.809991+00:00", "symbol": "BTC-USD"}, {"trade_id": 848974296, "side": "sell", "size": "0.00595582", "price": "119777.49000000", "time": "2025-07-14T19:22:47.323107Z", "fetched_at": "2025-07-14T19:23:24.809991+00:00", "symbol": "BTC-USD"}, {"trade_id": 848974295, "side": "sell", "size": "0.04113239", "price": "119777.49000000", "time": "2025-07-14T19:22:47.316149Z", "fetched_at": "2025-07-14T19:23:24.809991+00:00", "symbol": "BTC-USD"}, {"trade_id": 848974294, "side": "sell", "size": "0.29637301", "price": "119777.49000000", "time": "2025-07-14T19:22:47.312211Z", "fetched_at": "2025-07-14T19:23:24.809991+00:00", "symbol": "BTC-USD"}, {"trade_id": 848974293, "side": "sell", "size": "0.00001784", "price": "119777.49000000", "time": "2025-07-14T19:22:47.312211Z", "fetched_at": "2025-07-14T19:23:24.809991+00:00", "symbol": "BTC-USD"}, {"trade_id": 848974292, "side": "sell", "size": "0.00040571", "price": "119778.50000000", "time": "2025-07-14T19:22:46.757853Z", "fetched_at": "2025-07-14T19:23:24.809991+00:00", "symbol": "BTC-USD"}, {"trade_id": 848974291, "side": "buy", "size": "0.00043880", "price": "119779.53000000", "time": "2025-07-14T19:22:46.752157Z", "fetched_at": "2025-07-14T19:23:24.809991+00:00", "symbol": "BTC-USD"}, {"trade_id": 848974290, "side": "buy", "size": "0.01000000", "price": "119779.54000000", "time": "2025-07-14T19:22:46.752157Z", "fetched_at": "2025-07-14T19:23:24.809991+00:00", "symbol": "BTC-USD"}, {"trade_id": 848974289, "side": "buy", "size": "0.00188000", "price": "119779.65000000", "time": "2025-07-14T19:22:46.752157Z", "fetched_at": "2025-07-14T19:23:24.809991+00:00", "symbol": "BTC-USD"}, {"trade_id": 848974288, "side": "sell", "size": "0.00333161", "price": "119777.86000000", "time": "2025-07-14T19:22:46.739798Z", "fetched_at": "2025-07-14T19:23:24.809991+00:00", "symbol": "BTC-USD"}, {"trade_id": 848974287, "side": "sell", "size": "0.00575099", "price": "119777.86000000", "time": "2025-07-14T19:22:46.734633Z", "fetched_at": "2025-07-14T19:23:24.809991+00:00", "symbol": "BTC-USD"}, {"trade_id": 848974286, "side": "sell", "size": "0.03890984", "price": "119777.86000000", "time": "2025-07-14T19:22:46.727588Z", "fetched_at": "2025-07-14T19:23:24.809991+00:00", "symbol": "BTC-USD"}, {"trade_id": 848974285, "side": "sell", "size": "0.00302835", "price": "119777.86000000", "time": "2025-07-14T19:22:46.724744Z", "fetched_at": "2025-07-14T19:23:24.809991+00:00", "symbol": "BTC-USD"}, {"trade_id": 848974284, "side": "sell", "size": "0.02351660", "price": "119777.86000000", "time": "2025-07-14T19:22:46.721106Z", "fetched_at": "2025-07-14T19:23:24.809991+00:00", "symbol": "BTC-USD"}, {"trade_id": 848974283, "side": "sell", "size": "0.06030023", "price": "119777.86000000", "time": "2025-07-14T19:22:46.718175Z", "fetched_at": "2025-07-14T19:23:24.809991+00:00", "symbol": "BTC-USD"}, {"trade_id": 848974282, "side": "sell", "size": "0.05390778", "price": "119777.86000000", "time": "2025-07-14T19:22:46.664461Z", "fetched_at": "2025-07-14T19:23:24.809991+00:00", "symbol": "BTC-USD"}, {"trade_id": 848974281, "side": "sell", "size": "0.01000000", "price": "119777.85000000", "time": "2025-07-14T19:22:46.664461Z", "fetched_at": "2025-07-14T19:23:24.809991+00:00", "symbol": "BTC-USD"}, {"trade_id": 848974280, "side": "buy", "size": "0.00070333", "price": "119778.24000000", "time": "2025-07-14T19:22:46.660043Z", "fetched_at": "2025-07-14T19:23:24.809991+00:00", "symbol": "BTC-USD"}, {"trade_id": 848974279, "side": "buy", "size": "0.00068980", "price": "119778.64000000", "time": "2025-07-14T19:22:46.660043Z", "fetched_at": "2025-07-14T19:23:24.809991+00:00", "symbol": "BTC-USD"}, {"trade_id": 848974278, "side": "sell", "size": "0.00301060", "price": "119777.79000000", "time": "2025-07-14T19:22:46.651406Z", "fetched_at": "2025-07-14T19:23:24.809991+00:00", "symbol": "BTC-USD"}, {"trade_id": 848974277, "side": "sell", "size": "0.00318468", "price": "119777.79000000", "time": "2025-07-14T19:22:46.647429Z", "fetched_at": "2025-07-14T19:23:24.809991+00:00", "symbol": "BTC-USD"}, {"trade_id": 848974276, "side": "sell", "size": "0.00339254", "price": "119777.79000000", "time": "2025-07-14T19:22:46.643761Z", "fetched_at": "2025-07-14T19:23:24.809991+00:00", "symbol": "BTC-USD"}, {"trade_id": 848974275, "side": "sell", "size": "0.00326732", "price": "119777.79000000", "time": "2025-07-14T19:22:46.639924Z", "fetched_at": "2025-07-14T19:23:24.809991+00:00", "symbol": "BTC-USD"}, {"trade_id": 848974274, "side": "sell", "size": "0.00332470", "price": "119777.79000000", "time": "2025-07-14T19:22:46.635710Z", "fetched_at": "2025-07-14T19:23:24.809991+00:00", "symbol": "BTC-USD"}, {"trade_id": 848974273, "side": "sell", "size": "0.00292342", "price": "119777.79000000", "time": "2025-07-14T19:22:46.631978Z", "fetched_at": "2025-07-14T19:23:24.809991+00:00", "symbol": "BTC-USD"}, {"trade_id": 848974272, "side": "sell", "size": "0.00343674", "price": "119777.79000000", "time": "2025-07-14T19:22:46.628169Z", "fetched_at": "2025-07-14T19:23:24.809991+00:00", "symbol": "BTC-USD"}, {"trade_id": 848974271, "side": "sell", "size": "0.00346400", "price": "119777.79000000", "time": "2025-07-14T19:22:46.624473Z", "fetched_at": "2025-07-14T19:23:24.809991+00:00", "symbol": "BTC-USD"}, {"trade_id": 848974270, "side": "sell", "size": "0.05084202", "price": "119777.79000000", "time": "2025-07-14T19:22:46.620169Z", "fetched_at": "2025-07-14T19:23:24.809991+00:00", "symbol": "BTC-USD"}, {"trade_id": 848974269, "side": "sell", "size": "0.00630771", "price": "119777.79000000", "time": "2025-07-14T19:22:46.608580Z", "fetched_at": "2025-07-14T19:23:24.809991+00:00", "symbol": "BTC-USD"}, {"trade_id": 848974268, "side": "sell", "size": "0.00455499", "price": "119777.79000000", "time": "2025-07-14T19:22:46.600952Z", "fetched_at": "2025-07-14T19:23:24.809991+00:00", "symbol": "BTC-USD"}, {"trade_id": 848974267, "side": "sell", "size": "0.06855072", "price": "119777.79000000", "time": "2025-07-14T19:22:46.593426Z", "fetched_at": "2025-07-14T19:23:24.809991+00:00", "symbol": "BTC-USD"}, {"trade_id": 848974266, "side": "buy", "size": "0.00073000", "price": "119778.27000000", "time": "2025-07-14T19:22:46.589363Z", "fetched_at": "2025-07-14T19:23:24.809991+00:00", "symbol": "BTC-USD"}, {"trade_id": 848974265, "side": "buy", "size": "0.00074344", "price": "119780.49000000", "time": "2025-07-14T19:22:46.589363Z", "fetched_at": "2025-07-14T19:23:24.809991+00:00", "symbol": "BTC-USD"}, {"trade_id": 848974264, "side": "sell", "size": "0.00482059", "price": "119778.28000000", "time": "2025-07-14T19:22:46.584108Z", "fetched_at": "2025-07-14T19:23:24.809991+00:00", "symbol": "BTC-USD"}, {"trade_id": 848974263, "side": "sell", "size": "0.02550280", "price": "119778.28000000", "time": "2025-07-14T19:22:46.577909Z", "fetched_at": "2025-07-14T19:23:24.809991+00:00", "symbol": "BTC-USD"}, {"trade_id": 848974262, "side": "sell", "size": "0.02718275", "price": "119778.28000000", "time": "2025-07-14T19:22:46.573789Z", "fetched_at": "2025-07-14T19:23:24.809991+00:00", "symbol": "BTC-USD"}, {"trade_id": 848974261, "side": "sell", "size": "0.00787370", "price": "119778.28000000", "time": "2025-07-14T19:22:46.562425Z", "fetched_at": "2025-07-14T19:23:24.809991+00:00", "symbol": "BTC-USD"}, {"trade_id": 848974260, "side": "sell", "size": "0.00000166", "price": "119777.70000000", "time": "2025-07-14T19:22:46.558727Z", "fetched_at": "2025-07-14T19:23:24.809991+00:00", "symbol": "BTC-USD"}, {"trade_id": 848974259, "side": "sell", "size": "0.00000520", "price": "119777.70000000", "time": "2025-07-14T19:22:46.558727Z", "fetched_at": "2025-07-14T19:23:24.809991+00:00", "symbol": "BTC-USD"}, {"trade_id": 848974258, "side": "sell", "size": "0.00001923", "price": "119777.47000000", "time": "2025-07-14T19:22:46.558727Z", "fetched_at": "2025-07-14T19:23:24.809991+00:00", "symbol": "BTC-USD"}, {"trade_id": 848974257, "side": "sell", "size": "0.00000411", "price": "119777.47000000", "time": "2025-07-14T19:22:46.412953Z", "fetched_at": "2025-07-14T19:23:24.809991+00:00", "symbol": "BTC-USD"}, {"trade_id": 848974256, "side": "sell", "size": "0.00309938", "price": "119777.47000000", "time": "2025-07-14T19:22:46.405843Z", "fetched_at": "2025-07-14T19:23:24.809991+00:00", "symbol": "BTC-USD"}, {"trade_id": 848974255, "side": "sell", "size": "0.00300209", "price": "119777.47000000", "time": "2025-07-14T19:22:46.402091Z", "fetched_at": "2025-07-14T19:23:24.809991+00:00", "symbol": "BTC-USD"}, {"trade_id": 848974254, "side": "sell", "size": "0.00309733", "price": "119777.47000000", "time": "2025-07-14T19:22:46.398521Z", "fetched_at": "2025-07-14T19:23:24.809991+00:00", "symbol": "BTC-USD"}, {"trade_id": 848974253, "side": "sell", "size": "0.00284791", "price": "119777.47000000", "time": "2025-07-14T19:22:46.394698Z", "fetched_at": "2025-07-14T19:23:24.809991+00:00", "symbol": "BTC-USD"}, {"trade_id": 848974252, "side": "sell", "size": "0.00322618", "price": "119777.47000000", "time": "2025-07-14T19:22:46.391431Z", "fetched_at": "2025-07-14T19:23:24.809991+00:00", "symbol": "BTC-USD"}, {"trade_id": 848974251, "side": "sell", "size": "0.00384987", "price": "119777.47000000", "time": "2025-07-14T19:22:46.387748Z", "fetched_at": "2025-07-14T19:23:24.809991+00:00", "symbol": "BTC-USD"}, {"trade_id": 848974250, "side": "sell", "size": "0.00305754", "price": "119777.47000000", "time": "2025-07-14T19:22:46.383860Z", "fetched_at": "2025-07-14T19:23:24.809991+00:00", "symbol": "BTC-USD"}, {"trade_id": 848974249, "side": "sell", "size": "0.00275213", "price": "119777.47000000", "time": "2025-07-14T19:22:46.379320Z", "fetched_at": "2025-07-14T19:23:24.809991+00:00", "symbol": "BTC-USD"}, {"trade_id": 848974248, "side": "sell", "size": "0.00412088", "price": "119777.47000000", "time": "2025-07-14T19:22:46.375850Z", "fetched_at": "2025-07-14T19:23:24.809991+00:00", "symbol": "BTC-USD"}, {"trade_id": 848974247, "side": "sell", "size": "0.00294460", "price": "119777.47000000", "time": "2025-07-14T19:22:46.372415Z", "fetched_at": "2025-07-14T19:23:24.809991+00:00", "symbol": "BTC-USD"}, {"trade_id": 848974246, "side": "sell", "size": "0.00388776", "price": "119777.47000000", "time": "2025-07-14T19:22:46.367421Z", "fetched_at": "2025-07-14T19:23:24.809991+00:00", "symbol": "BTC-USD"}, {"trade_id": 848974245, "side": "sell", "size": "0.00305674", "price": "119777.47000000", "time": "2025-07-14T19:22:46.363627Z", "fetched_at": "2025-07-14T19:23:24.809991+00:00", "symbol": "BTC-USD"}, {"trade_id": 848974244, "side": "sell", "size": "0.00357433", "price": "119777.47000000", "time": "2025-07-14T19:22:46.359280Z", "fetched_at": "2025-07-14T19:23:24.809991+00:00", "symbol": "BTC-USD"}, {"trade_id": 848974243, "side": "sell", "size": "0.00315886", "price": "119777.47000000", "time": "2025-07-14T19:22:46.355428Z", "fetched_at": "2025-07-14T19:23:24.809991+00:00", "symbol": "BTC-USD"}, {"trade_id": 848974242, "side": "sell", "size": "0.00291753", "price": "119777.47000000", "time": "2025-07-14T19:22:46.351373Z", "fetched_at": "2025-07-14T19:23:24.809991+00:00", "symbol": "BTC-USD"}, {"trade_id": 848974241, "side": "sell", "size": "0.00288641", "price": "119777.47000000", "time": "2025-07-14T19:22:46.347492Z", "fetched_at": "2025-07-14T19:23:24.809991+00:00", "symbol": "BTC-USD"}, {"trade_id": 848974240, "side": "sell", "size": "0.00294756", "price": "119777.47000000", "time": "2025-07-14T19:22:46.344106Z", "fetched_at": "2025-07-14T19:23:24.809991+00:00", "symbol": "BTC-USD"}, {"trade_id": 848974239, "side": "sell", "size": "0.00316881", "price": "119777.47000000", "time": "2025-07-14T19:22:46.340629Z", "fetched_at": "2025-07-14T19:23:24.809991+00:00", "symbol": "BTC-USD"}, {"trade_id": 848974238, "side": "sell", "size": "0.00285107", "price": "119777.47000000", "time": "2025-07-14T19:22:46.336917Z", "fetched_at": "2025-07-14T19:23:24.809991+00:00", "symbol": "BTC-USD"}, {"trade_id": 848974237, "side": "sell", "size": "0.00338484", "price": "119777.47000000", "time": "2025-07-14T19:22:46.333380Z", "fetched_at": "2025-07-14T19:23:24.809991+00:00", "symbol": "BTC-USD"}, {"trade_id": 848974236, "side": "sell", "size": "0.00309807", "price": "119777.47000000", "time": "2025-07-14T19:22:46.329573Z", "fetched_at": "2025-07-14T19:23:24.809991+00:00", "symbol": "BTC-USD"}, {"trade_id": 848974235, "side": "sell", "size": "0.00360802", "price": "119777.47000000", "time": "2025-07-14T19:22:46.325572Z", "fetched_at": "2025-07-14T19:23:24.809991+00:00", "symbol": "BTC-USD"}, {"trade_id": 848974234, "side": "sell", "size": "0.00337147", "price": "119777.47000000", "time": "2025-07-14T19:22:46.322091Z", "fetched_at": "2025-07-14T19:23:24.809991+00:00", "symbol": "BTC-USD"}, {"trade_id": 848974233, "side": "sell", "size": "0.00314696", "price": "119777.47000000", "time": "2025-07-14T19:22:46.317562Z", "fetched_at": "2025-07-14T19:23:24.809991+00:00", "symbol": "BTC-USD"}, {"trade_id": 848974232, "side": "sell", "size": "0.00294868", "price": "119777.47000000", "time": "2025-07-14T19:22:46.313564Z", "fetched_at": "2025-07-14T19:23:24.809991+00:00", "symbol": "BTC-USD"}, {"trade_id": 848974231, "side": "sell", "size": "0.00316049", "price": "119777.47000000", "time": "2025-07-14T19:22:46.309822Z", "fetched_at": "2025-07-14T19:23:24.809991+00:00", "symbol": "BTC-USD"}, {"trade_id": 848974230, "side": "sell", "size": "0.00316362", "price": "119777.47000000", "time": "2025-07-14T19:22:46.306214Z", "fetched_at": "2025-07-14T19:23:24.809991+00:00", "symbol": "BTC-USD"}, {"trade_id": 848974229, "side": "sell", "size": "0.00321538", "price": "119777.47000000", "time": "2025-07-14T19:22:46.302556Z", "fetched_at": "2025-07-14T19:23:24.809991+00:00", "symbol": "BTC-USD"}, {"trade_id": 848974228, "side": "sell", "size": "0.00308871", "price": "119777.47000000", "time": "2025-07-14T19:22:46.298809Z", "fetched_at": "2025-07-14T19:23:24.809991+00:00", "symbol": "BTC-USD"}, {"trade_id": 848974227, "side": "sell", "size": "0.00385179", "price": "119777.47000000", "time": "2025-07-14T19:22:46.294826Z", "fetched_at": "2025-07-14T19:23:24.809991+00:00", "symbol": "BTC-USD"}, {"trade_id": 848974226, "side": "sell", "size": "0.00327239", "price": "119777.47000000", "time": "2025-07-14T19:22:46.291122Z", "fetched_at": "2025-07-14T19:23:24.809991+00:00", "symbol": "BTC-USD"}, {"trade_id": 848974225, "side": "sell", "size": "0.00317889", "price": "119777.47000000", "time": "2025-07-14T19:22:46.286459Z", "fetched_at": "2025-07-14T19:23:24.809991+00:00", "symbol": "BTC-USD"}, {"trade_id": 848974224, "side": "sell", "size": "0.00276927", "price": "119777.47000000", "time": "2025-07-14T19:22:46.282735Z", "fetched_at": "2025-07-14T19:23:24.809991+00:00", "symbol": "BTC-USD"}, {"trade_id": 848974223, "side": "sell", "size": "0.00338761", "price": "119777.47000000", "time": "2025-07-14T19:22:46.279002Z", "fetched_at": "2025-07-14T19:23:24.809991+00:00", "symbol": "BTC-USD"}, {"trade_id": 848974222, "side": "sell", "size": "0.00324607", "price": "119777.47000000", "time": "2025-07-14T19:22:46.275543Z", "fetched_at": "2025-07-14T19:23:24.809991+00:00", "symbol": "BTC-USD"}, {"trade_id": 848974221, "side": "sell", "size": "0.00313928", "price": "119777.47000000", "time": "2025-07-14T19:22:46.271322Z", "fetched_at": "2025-07-14T19:23:24.809991+00:00", "symbol": "BTC-USD"}, {"trade_id": 848974220, "side": "sell", "size": "0.00286159", "price": "119777.47000000", "time": "2025-07-14T19:22:46.267480Z", "fetched_at": "2025-07-14T19:23:24.809991+00:00", "symbol": "BTC-USD"}, {"trade_id": 848974219, "side": "sell", "size": "0.00271218", "price": "119777.47000000", "time": "2025-07-14T19:22:46.263880Z", "fetched_at": "2025-07-14T19:23:24.809991+00:00", "symbol": "BTC-USD"}, {"trade_id": 848974218, "side": "sell", "size": "0.00315981", "price": "119777.47000000", "time": "2025-07-14T19:22:46.260630Z", "fetched_at": "2025-07-14T19:23:24.809991+00:00", "symbol": "BTC-USD"}, {"trade_id": 848974217, "side": "sell", "size": "0.00293694", "price": "119777.47000000", "time": "2025-07-14T19:22:46.257038Z", "fetched_at": "2025-07-14T19:23:24.809991+00:00", "symbol": "BTC-USD"}, {"trade_id": 848974216, "side": "sell", "size": "0.00283771", "price": "119777.47000000", "time": "2025-07-14T19:22:46.253456Z", "fetched_at": "2025-07-14T19:23:24.809991+00:00", "symbol": "BTC-USD"}, {"trade_id": 848974215, "side": "sell", "size": "0.00280901", "price": "119777.47000000", "time": "2025-07-14T19:22:46.249786Z", "fetched_at": "2025-07-14T19:23:24.809991+00:00", "symbol": "BTC-USD"}, {"trade_id": 848974214, "side": "sell", "size": "0.05682780", "price": "119777.47000000", "time": "2025-07-14T19:22:46.247031Z", "fetched_at": "2025-07-14T19:23:24.809991+00:00", "symbol": "BTC-USD"}, {"trade_id": 848974213, "side": "sell", "size": "0.00322203", "price": "119777.47000000", "time": "2025-07-14T19:22:46.242680Z", "fetched_at": "2025-07-14T19:23:24.809991+00:00", "symbol": "BTC-USD"}, {"trade_id": 848974212, "side": "sell", "size": "0.00318635", "price": "119777.47000000", "time": "2025-07-14T19:22:46.238740Z", "fetched_at": "2025-07-14T19:23:24.809991+00:00", "symbol": "BTC-USD"}, {"trade_id": 848974211, "side": "sell", "size": "0.00395536", "price": "119777.47000000", "time": "2025-07-14T19:22:46.234877Z", "fetched_at": "2025-07-14T19:23:24.809991+00:00", "symbol": "BTC-USD"}, {"trade_id": 848974210, "side": "sell", "size": "0.00292257", "price": "119777.47000000", "time": "2025-07-14T19:22:46.231301Z", "fetched_at": "2025-07-14T19:23:24.809991+00:00", "symbol": "BTC-USD"}, {"trade_id": 848974209, "side": "sell", "size": "0.00316328", "price": "119777.47000000", "time": "2025-07-14T19:22:46.226475Z", "fetched_at": "2025-07-14T19:23:24.809991+00:00", "symbol": "BTC-USD"}, {"trade_id": 848974208, "side": "sell", "size": "0.00347764", "price": "119777.47000000", "time": "2025-07-14T19:22:46.222886Z", "fetched_at": "2025-07-14T19:23:24.809991+00:00", "symbol": "BTC-USD"}, {"trade_id": 848974207, "side": "sell", "size": "0.00352962", "price": "119777.47000000", "time": "2025-07-14T19:22:46.218703Z", "fetched_at": "2025-07-14T19:23:24.809991+00:00", "symbol": "BTC-USD"}, {"trade_id": 848974206, "side": "sell", "size": "0.00375975", "price": "119777.47000000", "time": "2025-07-14T19:22:46.214643Z", "fetched_at": "2025-07-14T19:23:24.809991+00:00", "symbol": "BTC-USD"}, {"trade_id": 848974205, "side": "sell", "size": "0.06788830", "price": "119777.47000000", "time": "2025-07-14T19:22:46.210625Z", "fetched_at": "2025-07-14T19:23:24.809991+00:00", "symbol": "BTC-USD"}, {"trade_id": 848974204, "side": "sell", "size": "0.00387509", "price": "119777.47000000", "time": "2025-07-14T19:22:46.200724Z", "fetched_at": "2025-07-14T19:23:24.809991+00:00", "symbol": "BTC-USD"}, {"trade_id": 848974203, "side": "sell", "size": "0.09567896", "price": "119777.47000000", "time": "2025-07-14T19:22:46.196347Z", "fetched_at": "2025-07-14T19:23:24.809991+00:00", "symbol": "BTC-USD"}, {"trade_id": 848974202, "side": "sell", "size": "0.00001993", "price": "119777.47000000", "time": "2025-07-14T19:22:46.088140Z", "fetched_at": "2025-07-14T19:23:24.809991+00:00", "symbol": "BTC-USD"}, {"trade_id": 848974201, "side": "buy", "size": "0.00598000", "price": "119777.47000000", "time": "2025-07-14T19:22:46.084461Z", "fetched_at": "2025-07-14T19:23:24.809991+00:00", "symbol": "BTC-USD"}, {"trade_id": 848974200, "side": "buy", "size": "0.01000000", "price": "119777.47000000", "time": "2025-07-14T19:22:46.084461Z", "fetched_at": "2025-07-14T19:23:24.809991+00:00", "symbol": "BTC-USD"}, {"trade_id": 848974199, "side": "buy", "size": "0.00834881", "price": "119777.47000000", "time": "2025-07-14T19:22:46.084461Z", "fetched_at": "2025-07-14T19:23:24.809991+00:00", "symbol": "BTC-USD"}, {"trade_id": 848974198, "side": "sell", "size": "0.00001993", "price": "119777.48000000", "time": "2025-07-14T19:22:46.077163Z", "fetched_at": "2025-07-14T19:23:24.809991+00:00", "symbol": "BTC-USD"}