[{"trade_id": 848767106, "side": "sell", "size": "0.01377696", "price": "121528.67000000", "time": "2025-07-14T14:23:24.576270Z", "fetched_at": "2025-07-14T14:23:29.214270+00:00", "symbol": "BTC-USD"}, {"trade_id": 848767105, "side": "sell", "size": "0.11032612", "price": "121528.67000000", "time": "2025-07-14T14:23:24.572755Z", "fetched_at": "2025-07-14T14:23:29.214270+00:00", "symbol": "BTC-USD"}, {"trade_id": 848767104, "side": "sell", "size": "0.00000664", "price": "121528.65000000", "time": "2025-07-14T14:23:24.572755Z", "fetched_at": "2025-07-14T14:23:29.214270+00:00", "symbol": "BTC-USD"}, {"trade_id": 848767103, "side": "sell", "size": "0.00243289", "price": "121519.59000000", "time": "2025-07-14T14:23:24.131365Z", "fetched_at": "2025-07-14T14:23:29.214270+00:00", "symbol": "BTC-USD"}, {"trade_id": 848767102, "side": "sell", "size": "0.00324386", "price": "121517.83000000", "time": "2025-07-14T14:23:24.128102Z", "fetched_at": "2025-07-14T14:23:29.214270+00:00", "symbol": "BTC-USD"}, {"trade_id": 848767101, "side": "buy", "size": "0.04101237", "price": "121502.43000000", "time": "2025-07-14T14:23:24.083858Z", "fetched_at": "2025-07-14T14:23:29.214270+00:00", "symbol": "BTC-USD"}, {"trade_id": 848767100, "side": "buy", "size": "0.08230200", "price": "121503.71000000", "time": "2025-07-14T14:23:24.083858Z", "fetched_at": "2025-07-14T14:23:29.214270+00:00", "symbol": "BTC-USD"}, {"trade_id": 848767099, "side": "buy", "size": "0.00667532", "price": "121503.73000000", "time": "2025-07-14T14:23:24.083858Z", "fetched_at": "2025-07-14T14:23:29.214270+00:00", "symbol": "BTC-USD"}, {"trade_id": 848767098, "side": "buy", "size": "0.06480000", "price": "121506.31000000", "time": "2025-07-14T14:23:24.083858Z", "fetched_at": "2025-07-14T14:23:29.214270+00:00", "symbol": "BTC-USD"}, {"trade_id": 848767097, "side": "buy", "size": "0.00525953", "price": "121506.32000000", "time": "2025-07-14T14:23:24.083858Z", "fetched_at": "2025-07-14T14:23:29.214270+00:00", "symbol": "BTC-USD"}, {"trade_id": 848767096, "side": "buy", "size": "0.00822703", "price": "121518.16000000", "time": "2025-07-14T14:23:24.083858Z", "fetched_at": "2025-07-14T14:23:29.214270+00:00", "symbol": "BTC-USD"}, {"trade_id": 848767095, "side": "buy", "size": "0.00001317", "price": "121518.41000000", "time": "2025-07-14T14:23:24.083858Z", "fetched_at": "2025-07-14T14:23:29.214270+00:00", "symbol": "BTC-USD"}, {"trade_id": 848767094, "side": "buy", "size": "0.01000000", "price": "121518.45000000", "time": "2025-07-14T14:23:24.083858Z", "fetched_at": "2025-07-14T14:23:29.214270+00:00", "symbol": "BTC-USD"}, {"trade_id": 848767093, "side": "buy", "size": "0.01000000", "price": "121518.47000000", "time": "2025-07-14T14:23:24.083858Z", "fetched_at": "2025-07-14T14:23:29.214270+00:00", "symbol": "BTC-USD"}, {"trade_id": 848767092, "side": "sell", "size": "0.00007943", "price": "121518.42000000", "time": "2025-07-14T14:23:23.947889Z", "fetched_at": "2025-07-14T14:23:29.214270+00:00", "symbol": "BTC-USD"}, {"trade_id": 848767091, "side": "buy", "size": "0.00822673", "price": "121525.57000000", "time": "2025-07-14T14:23:23.904395Z", "fetched_at": "2025-07-14T14:23:29.214270+00:00", "symbol": "BTC-USD"}, {"trade_id": 848767090, "side": "buy", "size": "0.00000123", "price": "121527.69000000", "time": "2025-07-14T14:23:23.904395Z", "fetched_at": "2025-07-14T14:23:29.214270+00:00", "symbol": "BTC-USD"}, {"trade_id": 848767089, "side": "sell", "size": "0.00080745", "price": "121528.59000000", "time": "2025-07-14T14:23:23.796723Z", "fetched_at": "2025-07-14T14:23:29.214270+00:00", "symbol": "BTC-USD"}, {"trade_id": 848767088, "side": "buy", "size": "0.00168700", "price": "121527.70000000", "time": "2025-07-14T14:23:23.708188Z", "fetched_at": "2025-07-14T14:23:29.214270+00:00", "symbol": "BTC-USD"}, {"trade_id": 848767087, "side": "buy", "size": "0.00000021", "price": "121515.47000000", "time": "2025-07-14T14:23:23.403552Z", "fetched_at": "2025-07-14T14:23:29.214270+00:00", "symbol": "BTC-USD"}, {"trade_id": 848767086, "side": "sell", "size": "0.00019509", "price": "121528.85000000", "time": "2025-07-14T14:23:23.098509Z", "fetched_at": "2025-07-14T14:23:29.214270+00:00", "symbol": "BTC-USD"}, {"trade_id": 848767085, "side": "buy", "size": "0.00822877", "price": "121524.79000000", "time": "2025-07-14T14:23:22.887939Z", "fetched_at": "2025-07-14T14:23:29.214270+00:00", "symbol": "BTC-USD"}, {"trade_id": 848767084, "side": "buy", "size": "0.00000246", "price": "121528.01000000", "time": "2025-07-14T14:23:22.887939Z", "fetched_at": "2025-07-14T14:23:29.214270+00:00", "symbol": "BTC-USD"}, {"trade_id": 848767083, "side": "buy", "size": "0.01177759", "price": "121500.25000000", "time": "2025-07-14T14:23:22.755126Z", "fetched_at": "2025-07-14T14:23:29.214270+00:00", "symbol": "BTC-USD"}, {"trade_id": 848767082, "side": "buy", "size": "0.15427701", "price": "121500.26000000", "time": "2025-07-14T14:23:22.755126Z", "fetched_at": "2025-07-14T14:23:29.214270+00:00", "symbol": "BTC-USD"}, {"trade_id": 848767081, "side": "buy", "size": "0.01986247", "price": "121500.98000000", "time": "2025-07-14T14:23:22.755126Z", "fetched_at": "2025-07-14T14:23:29.214270+00:00", "symbol": "BTC-USD"}, {"trade_id": 848767080, "side": "buy", "size": "0.12246068", "price": "121502.43000000", "time": "2025-07-14T14:23:22.755126Z", "fetched_at": "2025-07-14T14:23:29.214270+00:00", "symbol": "BTC-USD"}, {"trade_id": 848767079, "side": "buy", "size": "0.33902900", "price": "121503.31000000", "time": "2025-07-14T14:23:22.755126Z", "fetched_at": "2025-07-14T14:23:29.214270+00:00", "symbol": "BTC-USD"}, {"trade_id": 848767078, "side": "buy", "size": "0.09526163", "price": "121503.37000000", "time": "2025-07-14T14:23:22.755126Z", "fetched_at": "2025-07-14T14:23:29.214270+00:00", "symbol": "BTC-USD"}, {"trade_id": 848767077, "side": "buy", "size": "0.00961718", "price": "121503.44000000", "time": "2025-07-14T14:23:22.755126Z", "fetched_at": "2025-07-14T14:23:29.214270+00:00", "symbol": "BTC-USD"}, {"trade_id": 848767076, "side": "buy", "size": "0.08230200", "price": "121503.71000000", "time": "2025-07-14T14:23:22.755126Z", "fetched_at": "2025-07-14T14:23:29.214270+00:00", "symbol": "BTC-USD"}, {"trade_id": 848767075, "side": "buy", "size": "0.09314203", "price": "121504.25000000", "time": "2025-07-14T14:23:22.755126Z", "fetched_at": "2025-07-14T14:23:29.214270+00:00", "symbol": "BTC-USD"}, {"trade_id": 848767074, "side": "buy", "size": "0.01919557", "price": "121504.26000000", "time": "2025-07-14T14:23:22.755126Z", "fetched_at": "2025-07-14T14:23:29.214270+00:00", "symbol": "BTC-USD"}, {"trade_id": 848767073, "side": "buy", "size": "0.03416991", "price": "121504.27000000", "time": "2025-07-14T14:23:22.755126Z", "fetched_at": "2025-07-14T14:23:29.214270+00:00", "symbol": "BTC-USD"}, {"trade_id": 848767072, "side": "buy", "size": "0.01000000", "price": "121504.28000000", "time": "2025-07-14T14:23:22.755126Z", "fetched_at": "2025-07-14T14:23:29.214270+00:00", "symbol": "BTC-USD"}, {"trade_id": 848767071, "side": "buy", "size": "0.03200401", "price": "121514.15000000", "time": "2025-07-14T14:23:22.755126Z", "fetched_at": "2025-07-14T14:23:29.214270+00:00", "symbol": "BTC-USD"}, {"trade_id": 848767070, "side": "buy", "size": "0.00000139", "price": "121522.35000000", "time": "2025-07-14T14:23:22.755126Z", "fetched_at": "2025-07-14T14:23:29.214270+00:00", "symbol": "BTC-USD"}, {"trade_id": 848767069, "side": "buy", "size": "0.08800010", "price": "121522.35000000", "time": "2025-07-14T14:23:22.755126Z", "fetched_at": "2025-07-14T14:23:29.214270+00:00", "symbol": "BTC-USD"}, {"trade_id": 848767068, "side": "buy", "size": "0.00822868", "price": "121526.19000000", "time": "2025-07-14T14:23:22.755126Z", "fetched_at": "2025-07-14T14:23:29.214270+00:00", "symbol": "BTC-USD"}, {"trade_id": 848767067, "side": "buy", "size": "0.00822860", "price": "121527.26000000", "time": "2025-07-14T14:23:22.755126Z", "fetched_at": "2025-07-14T14:23:29.214270+00:00", "symbol": "BTC-USD"}, {"trade_id": 848767066, "side": "buy", "size": "0.00822671", "price": "121528.01000000", "time": "2025-07-14T14:23:22.755126Z", "fetched_at": "2025-07-14T14:23:29.214270+00:00", "symbol": "BTC-USD"}, {"trade_id": 848767065, "side": "sell", "size": "0.00403718", "price": "121537.19000000", "time": "2025-07-14T14:23:22.669340Z", "fetched_at": "2025-07-14T14:23:29.214270+00:00", "symbol": "BTC-USD"}, {"trade_id": 848767064, "side": "sell", "size": "0.00008149", "price": "121529.44000000", "time": "2025-07-14T14:23:22.476679Z", "fetched_at": "2025-07-14T14:23:29.214270+00:00", "symbol": "BTC-USD"}, {"trade_id": 848767063, "side": "sell", "size": "0.00018139", "price": "121536.47000000", "time": "2025-07-14T14:23:22.220518Z", "fetched_at": "2025-07-14T14:23:29.214270+00:00", "symbol": "BTC-USD"}, {"trade_id": 848767062, "side": "sell", "size": "0.00097585", "price": "121536.44000000", "time": "2025-07-14T14:23:21.957248Z", "fetched_at": "2025-07-14T14:23:29.214270+00:00", "symbol": "BTC-USD"}, {"trade_id": 848767061, "side": "sell", "size": "0.00013489", "price": "121538.94000000", "time": "2025-07-14T14:23:21.747370Z", "fetched_at": "2025-07-14T14:23:29.214270+00:00", "symbol": "BTC-USD"}, {"trade_id": 848767060, "side": "sell", "size": "0.00108746", "price": "121539.12000000", "time": "2025-07-14T14:23:21.724531Z", "fetched_at": "2025-07-14T14:23:29.214270+00:00", "symbol": "BTC-USD"}, {"trade_id": 848767059, "side": "sell", "size": "0.00209559", "price": "121535.42000000", "time": "2025-07-14T14:23:21.670247Z", "fetched_at": "2025-07-14T14:23:29.214270+00:00", "symbol": "BTC-USD"}, {"trade_id": 848767058, "side": "sell", "size": "0.00490441", "price": "121533.59000000", "time": "2025-07-14T14:23:21.670247Z", "fetched_at": "2025-07-14T14:23:29.214270+00:00", "symbol": "BTC-USD"}, {"trade_id": 848767057, "side": "sell", "size": "0.00024440", "price": "121533.59000000", "time": "2025-07-14T14:23:21.666283Z", "fetched_at": "2025-07-14T14:23:29.214270+00:00", "symbol": "BTC-USD"}, {"trade_id": 848767056, "side": "buy", "size": "0.00822763", "price": "121541.70000000", "time": "2025-07-14T14:23:21.359043Z", "fetched_at": "2025-07-14T14:23:29.214270+00:00", "symbol": "BTC-USD"}, {"trade_id": 848767055, "side": "buy", "size": "0.00822728", "price": "121543.52000000", "time": "2025-07-14T14:23:21.359043Z", "fetched_at": "2025-07-14T14:23:29.214270+00:00", "symbol": "BTC-USD"}, {"trade_id": 848767054, "side": "sell", "size": "0.00053055", "price": "121542.33000000", "time": "2025-07-14T14:23:21.174531Z", "fetched_at": "2025-07-14T14:23:29.214270+00:00", "symbol": "BTC-USD"}, {"trade_id": 848767053, "side": "buy", "size": "0.10016815", "price": "121503.38000000", "time": "2025-07-14T14:23:21.059910Z", "fetched_at": "2025-07-14T14:23:29.214270+00:00", "symbol": "BTC-USD"}, {"trade_id": 848767052, "side": "buy", "size": "0.00551400", "price": "121503.53000000", "time": "2025-07-14T14:23:21.059910Z", "fetched_at": "2025-07-14T14:23:29.214270+00:00", "symbol": "BTC-USD"}, {"trade_id": 848767051, "side": "buy", "size": "0.06480000", "price": "121510.19000000", "time": "2025-07-14T14:23:21.059910Z", "fetched_at": "2025-07-14T14:23:29.214270+00:00", "symbol": "BTC-USD"}, {"trade_id": 848767050, "side": "buy", "size": "0.00000074", "price": "121516.40000000", "time": "2025-07-14T14:23:21.059910Z", "fetched_at": "2025-07-14T14:23:29.214270+00:00", "symbol": "BTC-USD"}, {"trade_id": 848767049, "side": "buy", "size": "0.00411124", "price": "121517.49000000", "time": "2025-07-14T14:23:21.059910Z", "fetched_at": "2025-07-14T14:23:29.214270+00:00", "symbol": "BTC-USD"}, {"trade_id": 848767048, "side": "buy", "size": "0.04866000", "price": "121522.35000000", "time": "2025-07-14T14:23:21.059910Z", "fetched_at": "2025-07-14T14:23:29.214270+00:00", "symbol": "BTC-USD"}, {"trade_id": 848767047, "side": "buy", "size": "0.01000000", "price": "121522.36000000", "time": "2025-07-14T14:23:21.059910Z", "fetched_at": "2025-07-14T14:23:29.214270+00:00", "symbol": "BTC-USD"}, {"trade_id": 848767046, "side": "buy", "size": "0.01000000", "price": "121522.36000000", "time": "2025-07-14T14:23:21.059910Z", "fetched_at": "2025-07-14T14:23:29.214270+00:00", "symbol": "BTC-USD"}, {"trade_id": 848767045, "side": "buy", "size": "0.01000000", "price": "121522.36000000", "time": "2025-07-14T14:23:21.059910Z", "fetched_at": "2025-07-14T14:23:29.214270+00:00", "symbol": "BTC-USD"}, {"trade_id": 848767044, "side": "buy", "size": "0.00124906", "price": "121527.51000000", "time": "2025-07-14T14:23:21.059910Z", "fetched_at": "2025-07-14T14:23:29.214270+00:00", "symbol": "BTC-USD"}, {"trade_id": 848767043, "side": "buy", "size": "0.00107108", "price": "121527.57000000", "time": "2025-07-14T14:23:21.059910Z", "fetched_at": "2025-07-14T14:23:29.214270+00:00", "symbol": "BTC-USD"}, {"trade_id": 848767042, "side": "buy", "size": "0.00103009", "price": "121527.59000000", "time": "2025-07-14T14:23:21.059910Z", "fetched_at": "2025-07-14T14:23:29.214270+00:00", "symbol": "BTC-USD"}, {"trade_id": 848767041, "side": "buy", "size": "0.00023394", "price": "121527.79000000", "time": "2025-07-14T14:23:21.059910Z", "fetched_at": "2025-07-14T14:23:29.214270+00:00", "symbol": "BTC-USD"}, {"trade_id": 848767040, "side": "buy", "size": "0.00113952", "price": "121527.79000000", "time": "2025-07-14T14:23:21.059910Z", "fetched_at": "2025-07-14T14:23:29.214270+00:00", "symbol": "BTC-USD"}, {"trade_id": 848767039, "side": "buy", "size": "0.00080331", "price": "121528.07000000", "time": "2025-07-14T14:23:21.059910Z", "fetched_at": "2025-07-14T14:23:29.214270+00:00", "symbol": "BTC-USD"}, {"trade_id": 848767038, "side": "buy", "size": "0.00077541", "price": "121528.70000000", "time": "2025-07-14T14:23:21.059910Z", "fetched_at": "2025-07-14T14:23:29.214270+00:00", "symbol": "BTC-USD"}, {"trade_id": 848767037, "side": "sell", "size": "0.00001233", "price": "121522.36000000", "time": "2025-07-14T14:23:21.031749Z", "fetched_at": "2025-07-14T14:23:29.214270+00:00", "symbol": "BTC-USD"}, {"trade_id": 848767036, "side": "sell", "size": "0.00822908", "price": "121520.22000000", "time": "2025-07-14T14:23:20.907006Z", "fetched_at": "2025-07-14T14:23:29.214270+00:00", "symbol": "BTC-USD"}, {"trade_id": 848767035, "side": "sell", "size": "0.03109941", "price": "121518.41000000", "time": "2025-07-14T14:23:20.907006Z", "fetched_at": "2025-07-14T14:23:29.214270+00:00", "symbol": "BTC-USD"}, {"trade_id": 848767034, "side": "sell", "size": "0.00000855", "price": "121518.40000000", "time": "2025-07-14T14:23:20.907006Z", "fetched_at": "2025-07-14T14:23:29.214270+00:00", "symbol": "BTC-USD"}, {"trade_id": 848767033, "side": "sell", "size": "0.01000000", "price": "121518.40000000", "time": "2025-07-14T14:23:20.907006Z", "fetched_at": "2025-07-14T14:23:29.214270+00:00", "symbol": "BTC-USD"}, {"trade_id": 848767032, "side": "sell", "size": "0.01000000", "price": "121518.40000000", "time": "2025-07-14T14:23:20.907006Z", "fetched_at": "2025-07-14T14:23:29.214270+00:00", "symbol": "BTC-USD"}, {"trade_id": 848767031, "side": "buy", "size": "0.01650813", "price": "121501.98000000", "time": "2025-07-14T14:23:19.831743Z", "fetched_at": "2025-07-14T14:23:29.214270+00:00", "symbol": "BTC-USD"}, {"trade_id": 848767030, "side": "buy", "size": "0.12433742", "price": "121502.43000000", "time": "2025-07-14T14:23:19.831743Z", "fetched_at": "2025-07-14T14:23:29.214270+00:00", "symbol": "BTC-USD"}, {"trade_id": 848767029, "side": "buy", "size": "0.01000000", "price": "121502.44000000", "time": "2025-07-14T14:23:19.831743Z", "fetched_at": "2025-07-14T14:23:29.214270+00:00", "symbol": "BTC-USD"}, {"trade_id": 848767028, "side": "buy", "size": "0.06480000", "price": "121503.29000000", "time": "2025-07-14T14:23:19.831743Z", "fetched_at": "2025-07-14T14:23:29.214270+00:00", "symbol": "BTC-USD"}, {"trade_id": 848767027, "side": "buy", "size": "0.01000000", "price": "121503.34000000", "time": "2025-07-14T14:23:19.831743Z", "fetched_at": "2025-07-14T14:23:29.214270+00:00", "symbol": "BTC-USD"}, {"trade_id": 848767026, "side": "buy", "size": "0.00822740", "price": "121516.10000000", "time": "2025-07-14T14:23:19.831743Z", "fetched_at": "2025-07-14T14:23:29.214270+00:00", "symbol": "BTC-USD"}, {"trade_id": 848767025, "side": "buy", "size": "0.00822933", "price": "121516.58000000", "time": "2025-07-14T14:23:19.831743Z", "fetched_at": "2025-07-14T14:23:29.214270+00:00", "symbol": "BTC-USD"}, {"trade_id": 848767024, "side": "buy", "size": "0.01000000", "price": "121516.63000000", "time": "2025-07-14T14:23:19.831743Z", "fetched_at": "2025-07-14T14:23:29.214270+00:00", "symbol": "BTC-USD"}, {"trade_id": 848767023, "side": "buy", "size": "0.01000000", "price": "121516.64000000", "time": "2025-07-14T14:23:19.831743Z", "fetched_at": "2025-07-14T14:23:29.214270+00:00", "symbol": "BTC-USD"}, {"trade_id": 848767022, "side": "buy", "size": "0.00000148", "price": "121518.40000000", "time": "2025-07-14T14:23:19.831743Z", "fetched_at": "2025-07-14T14:23:29.214270+00:00", "symbol": "BTC-USD"}, {"trade_id": 848767021, "side": "buy", "size": "0.00015182", "price": "121518.40000000", "time": "2025-07-14T14:23:19.831743Z", "fetched_at": "2025-07-14T14:23:29.214270+00:00", "symbol": "BTC-USD"}, {"trade_id": 848767020, "side": "buy", "size": "0.02378974", "price": "121518.40000000", "time": "2025-07-14T14:23:19.831743Z", "fetched_at": "2025-07-14T14:23:29.214270+00:00", "symbol": "BTC-USD"}, {"trade_id": 848767019, "side": "buy", "size": "0.03656517", "price": "121518.40000000", "time": "2025-07-14T14:23:19.417639Z", "fetched_at": "2025-07-14T14:23:29.214270+00:00", "symbol": "BTC-USD"}, {"trade_id": 848767018, "side": "sell", "size": "0.00025982", "price": "121518.41000000", "time": "2025-07-14T14:23:19.112890Z", "fetched_at": "2025-07-14T14:23:29.214270+00:00", "symbol": "BTC-USD"}, {"trade_id": 848767017, "side": "sell", "size": "0.00001181", "price": "121518.41000000", "time": "2025-07-14T14:23:19.112890Z", "fetched_at": "2025-07-14T14:23:29.214270+00:00", "symbol": "BTC-USD"}, {"trade_id": 848767016, "side": "buy", "size": "0.00014028", "price": "121518.40000000", "time": "2025-07-14T14:23:18.862679Z", "fetched_at": "2025-07-14T14:23:29.214270+00:00", "symbol": "BTC-USD"}, {"trade_id": 848767015, "side": "sell", "size": "0.02073719", "price": "121518.19000000", "time": "2025-07-14T14:23:18.653080Z", "fetched_at": "2025-07-14T14:23:29.214270+00:00", "symbol": "BTC-USD"}, {"trade_id": 848767014, "side": "sell", "size": "0.01000000", "price": "121518.18000000", "time": "2025-07-14T14:23:18.653080Z", "fetched_at": "2025-07-14T14:23:29.214270+00:00", "symbol": "BTC-USD"}, {"trade_id": 848767013, "side": "sell", "size": "0.01000000", "price": "121518.18000000", "time": "2025-07-14T14:23:18.653080Z", "fetched_at": "2025-07-14T14:23:29.214270+00:00", "symbol": "BTC-USD"}, {"trade_id": 848767012, "side": "buy", "size": "0.00054349", "price": "121515.47000000", "time": "2025-07-14T14:23:18.441449Z", "fetched_at": "2025-07-14T14:23:29.214270+00:00", "symbol": "BTC-USD"}, {"trade_id": 848767011, "side": "sell", "size": "0.01999761", "price": "121518.44000000", "time": "2025-07-14T14:23:18.372300Z", "fetched_at": "2025-07-14T14:23:29.214270+00:00", "symbol": "BTC-USD"}, {"trade_id": 848767010, "side": "buy", "size": "0.00746298", "price": "121502.43000000", "time": "2025-07-14T14:23:18.018612Z", "fetched_at": "2025-07-14T14:23:29.214270+00:00", "symbol": "BTC-USD"}, {"trade_id": 848767009, "side": "buy", "size": "0.00822945", "price": "121514.70000000", "time": "2025-07-14T14:23:18.018612Z", "fetched_at": "2025-07-14T14:23:29.214270+00:00", "symbol": "BTC-USD"}, {"trade_id": 848767008, "side": "buy", "size": "0.00822940", "price": "121515.54000000", "time": "2025-07-14T14:23:18.018612Z", "fetched_at": "2025-07-14T14:23:29.214270+00:00", "symbol": "BTC-USD"}, {"trade_id": 848767007, "side": "buy", "size": "0.00822772", "price": "121517.30000000", "time": "2025-07-14T14:23:18.018612Z", "fetched_at": "2025-07-14T14:23:29.214270+00:00", "symbol": "BTC-USD"}, {"trade_id": 848767006, "side": "buy", "size": "0.00044988", "price": "121520.53000000", "time": "2025-07-14T14:23:18.018612Z", "fetched_at": "2025-07-14T14:23:29.214270+00:00", "symbol": "BTC-USD"}, {"trade_id": 848767005, "side": "buy", "size": "0.00000296", "price": "121520.53000000", "time": "2025-07-14T14:23:18.018612Z", "fetched_at": "2025-07-14T14:23:29.214270+00:00", "symbol": "BTC-USD"}, {"trade_id": 848767004, "side": "sell", "size": "0.00058648", "price": "121522.17000000", "time": "2025-07-14T14:23:17.060021Z", "fetched_at": "2025-07-14T14:23:29.214270+00:00", "symbol": "BTC-USD"}, {"trade_id": 848767003, "side": "buy", "size": "0.00555649", "price": "121517.81000000", "time": "2025-07-14T14:23:17.047445Z", "fetched_at": "2025-07-14T14:23:29.214270+00:00", "symbol": "BTC-USD"}, {"trade_id": 848767002, "side": "buy", "size": "0.01894180", "price": "121503.59000000", "time": "2025-07-14T14:23:17.027330Z", "fetched_at": "2025-07-14T14:23:29.214270+00:00", "symbol": "BTC-USD"}, {"trade_id": 848767001, "side": "buy", "size": "0.12229631", "price": "121504.86000000", "time": "2025-07-14T14:23:17.027330Z", "fetched_at": "2025-07-14T14:23:29.214270+00:00", "symbol": "BTC-USD"}, {"trade_id": 848767000, "side": "buy", "size": "0.06480000", "price": "121505.64000000", "time": "2025-07-14T14:23:17.027330Z", "fetched_at": "2025-07-14T14:23:29.214270+00:00", "symbol": "BTC-USD"}, {"trade_id": 848766999, "side": "buy", "size": "0.01000000", "price": "121505.65000000", "time": "2025-07-14T14:23:17.027330Z", "fetched_at": "2025-07-14T14:23:29.214270+00:00", "symbol": "BTC-USD"}, {"trade_id": 848766998, "side": "buy", "size": "0.00202031", "price": "121515.91000000", "time": "2025-07-14T14:23:17.027330Z", "fetched_at": "2025-07-14T14:23:29.214270+00:00", "symbol": "BTC-USD"}, {"trade_id": 848766997, "side": "buy", "size": "0.00000049", "price": "121517.47000000", "time": "2025-07-14T14:23:17.027330Z", "fetched_at": "2025-07-14T14:23:29.214270+00:00", "symbol": "BTC-USD"}, {"trade_id": 848766996, "side": "buy", "size": "0.08313762", "price": "121517.79000000", "time": "2025-07-14T14:23:17.027330Z", "fetched_at": "2025-07-14T14:23:29.214270+00:00", "symbol": "BTC-USD"}, {"trade_id": 848766995, "side": "buy", "size": "0.00572974", "price": "121517.80000000", "time": "2025-07-14T14:23:17.027330Z", "fetched_at": "2025-07-14T14:23:29.214270+00:00", "symbol": "BTC-USD"}, {"trade_id": 848766994, "side": "sell", "size": "0.00411124", "price": "121517.98000000", "time": "2025-07-14T14:23:15.706078Z", "fetched_at": "2025-07-14T14:23:29.214270+00:00", "symbol": "BTC-USD"}, {"trade_id": 848766993, "side": "buy", "size": "0.00822922", "price": "121518.16000000", "time": "2025-07-14T14:23:15.434980Z", "fetched_at": "2025-07-14T14:23:29.214270+00:00", "symbol": "BTC-USD"}, {"trade_id": 848766992, "side": "buy", "size": "0.00822728", "price": "121519.98000000", "time": "2025-07-14T14:23:15.434980Z", "fetched_at": "2025-07-14T14:23:29.214270+00:00", "symbol": "BTC-USD"}, {"trade_id": 848766991, "side": "sell", "size": "0.00023315", "price": "121525.43000000", "time": "2025-07-14T14:23:15.199650Z", "fetched_at": "2025-07-14T14:23:29.214270+00:00", "symbol": "BTC-USD"}, {"trade_id": 848766990, "side": "buy", "size": "0.00822161", "price": "121519.21000000", "time": "2025-07-14T14:23:15.114825Z", "fetched_at": "2025-07-14T14:23:29.214270+00:00", "symbol": "BTC-USD"}, {"trade_id": 848766989, "side": "buy", "size": "0.00453027", "price": "121500.96000000", "time": "2025-07-14T14:23:15.028684Z", "fetched_at": "2025-07-14T14:23:29.214270+00:00", "symbol": "BTC-USD"}, {"trade_id": 848766988, "side": "buy", "size": "0.33975000", "price": "121502.54000000", "time": "2025-07-14T14:23:15.028684Z", "fetched_at": "2025-07-14T14:23:29.214270+00:00", "symbol": "BTC-USD"}, {"trade_id": 848766987, "side": "buy", "size": "0.00733186", "price": "121506.59000000", "time": "2025-07-14T14:23:15.028684Z", "fetched_at": "2025-07-14T14:23:29.214270+00:00", "symbol": "BTC-USD"}, {"trade_id": 848766986, "side": "buy", "size": "0.11873652", "price": "121507.29000000", "time": "2025-07-14T14:23:15.028684Z", "fetched_at": "2025-07-14T14:23:29.214270+00:00", "symbol": "BTC-USD"}, {"trade_id": 848766985, "side": "buy", "size": "0.01631652", "price": "121510.47000000", "time": "2025-07-14T14:23:15.028684Z", "fetched_at": "2025-07-14T14:23:29.214270+00:00", "symbol": "BTC-USD"}, {"trade_id": 848766984, "side": "buy", "size": "0.02469483", "price": "121511.21000000", "time": "2025-07-14T14:23:15.028684Z", "fetched_at": "2025-07-14T14:23:29.214270+00:00", "symbol": "BTC-USD"}, {"trade_id": 848766983, "side": "buy", "size": "0.00375769", "price": "121514.39000000", "time": "2025-07-14T14:23:15.028684Z", "fetched_at": "2025-07-14T14:23:29.214270+00:00", "symbol": "BTC-USD"}, {"trade_id": 848766982, "side": "buy", "size": "0.00822688", "price": "121518.30000000", "time": "2025-07-14T14:23:15.028684Z", "fetched_at": "2025-07-14T14:23:29.214270+00:00", "symbol": "BTC-USD"}, {"trade_id": 848766981, "side": "buy", "size": "0.00000131", "price": "121518.78000000", "time": "2025-07-14T14:23:15.028684Z", "fetched_at": "2025-07-14T14:23:29.214270+00:00", "symbol": "BTC-USD"}, {"trade_id": 848766980, "side": "buy", "size": "0.00822915", "price": "121519.20000000", "time": "2025-07-14T14:23:15.028684Z", "fetched_at": "2025-07-14T14:23:29.214270+00:00", "symbol": "BTC-USD"}, {"trade_id": 848766979, "side": "buy", "size": "0.09605933", "price": "121528.85000000", "time": "2025-07-14T14:23:15.028684Z", "fetched_at": "2025-07-14T14:23:29.214270+00:00", "symbol": "BTC-USD"}, {"trade_id": 848766978, "side": "buy", "size": "0.06638141", "price": "121528.85000000", "time": "2025-07-14T14:23:15.028684Z", "fetched_at": "2025-07-14T14:23:29.214270+00:00", "symbol": "BTC-USD"}, {"trade_id": 848766977, "side": "buy", "size": "0.02400000", "price": "121528.85000000", "time": "2025-07-14T14:23:14.445448Z", "fetched_at": "2025-07-14T14:23:29.214270+00:00", "symbol": "BTC-USD"}, {"trade_id": 848766976, "side": "sell", "size": "0.00162980", "price": "121529.75000000", "time": "2025-07-14T14:23:14.335836Z", "fetched_at": "2025-07-14T14:23:29.214270+00:00", "symbol": "BTC-USD"}, {"trade_id": 848766975, "side": "buy", "size": "0.00000211", "price": "121506.97000000", "time": "2025-07-14T14:23:13.965293Z", "fetched_at": "2025-07-14T14:23:29.214270+00:00", "symbol": "BTC-USD"}, {"trade_id": 848766974, "side": "buy", "size": "0.00644038", "price": "121507.16000000", "time": "2025-07-14T14:23:13.965293Z", "fetched_at": "2025-07-14T14:23:29.214270+00:00", "symbol": "BTC-USD"}, {"trade_id": 848766973, "side": "buy", "size": "0.11852998", "price": "121507.29000000", "time": "2025-07-14T14:23:13.965293Z", "fetched_at": "2025-07-14T14:23:29.214270+00:00", "symbol": "BTC-USD"}, {"trade_id": 848766972, "side": "buy", "size": "0.21872446", "price": "121507.30000000", "time": "2025-07-14T14:23:13.965293Z", "fetched_at": "2025-07-14T14:23:29.214270+00:00", "symbol": "BTC-USD"}, {"trade_id": 848766971, "side": "buy", "size": "0.04183108", "price": "121507.49000000", "time": "2025-07-14T14:23:13.965293Z", "fetched_at": "2025-07-14T14:23:29.214270+00:00", "symbol": "BTC-USD"}, {"trade_id": 848766970, "side": "buy", "size": "0.02007438", "price": "121507.52000000", "time": "2025-07-14T14:23:13.965293Z", "fetched_at": "2025-07-14T14:23:29.214270+00:00", "symbol": "BTC-USD"}, {"trade_id": 848766969, "side": "buy", "size": "0.00933939", "price": "121507.53000000", "time": "2025-07-14T14:23:13.965293Z", "fetched_at": "2025-07-14T14:23:29.214270+00:00", "symbol": "BTC-USD"}, {"trade_id": 848766968, "side": "buy", "size": "0.06480000", "price": "121508.49000000", "time": "2025-07-14T14:23:13.965293Z", "fetched_at": "2025-07-14T14:23:29.214270+00:00", "symbol": "BTC-USD"}, {"trade_id": 848766967, "side": "buy", "size": "0.01841061", "price": "121511.59000000", "time": "2025-07-14T14:23:13.965293Z", "fetched_at": "2025-07-14T14:23:29.214270+00:00", "symbol": "BTC-USD"}, {"trade_id": 848766966, "side": "buy", "size": "0.03134343", "price": "121511.61000000", "time": "2025-07-14T14:23:13.965293Z", "fetched_at": "2025-07-14T14:23:29.214270+00:00", "symbol": "BTC-USD"}, {"trade_id": 848766965, "side": "buy", "size": "0.03005042", "price": "121511.62000000", "time": "2025-07-14T14:23:13.965293Z", "fetched_at": "2025-07-14T14:23:29.214270+00:00", "symbol": "BTC-USD"}, {"trade_id": 848766964, "side": "buy", "size": "0.02469236", "price": "121520.60000000", "time": "2025-07-14T14:23:13.965293Z", "fetched_at": "2025-07-14T14:23:29.214270+00:00", "symbol": "BTC-USD"}, {"trade_id": 848766963, "side": "buy", "size": "0.33990600", "price": "121521.06000000", "time": "2025-07-14T14:23:13.965293Z", "fetched_at": "2025-07-14T14:23:29.214270+00:00", "symbol": "BTC-USD"}, {"trade_id": 848766962, "side": "buy", "size": "0.04000000", "price": "121526.24000000", "time": "2025-07-14T14:23:13.965293Z", "fetched_at": "2025-07-14T14:23:29.214270+00:00", "symbol": "BTC-USD"}, {"trade_id": 848766961, "side": "buy", "size": "0.00354801", "price": "121526.24000000", "time": "2025-07-14T14:23:13.965293Z", "fetched_at": "2025-07-14T14:23:29.214270+00:00", "symbol": "BTC-USD"}, {"trade_id": 848766960, "side": "buy", "size": "0.00784188", "price": "121536.37000000", "time": "2025-07-14T14:23:13.965293Z", "fetched_at": "2025-07-14T14:23:29.214270+00:00", "symbol": "BTC-USD"}, {"trade_id": 848766959, "side": "buy", "size": "0.00038420", "price": "121536.37000000", "time": "2025-07-14T14:23:13.927601Z", "fetched_at": "2025-07-14T14:23:29.214270+00:00", "symbol": "BTC-USD"}, {"trade_id": 848766958, "side": "sell", "size": "0.00400000", "price": "121537.59000000", "time": "2025-07-14T14:23:13.782842Z", "fetched_at": "2025-07-14T14:23:29.214270+00:00", "symbol": "BTC-USD"}, {"trade_id": 848766957, "side": "buy", "size": "0.08414077", "price": "121516.95000000", "time": "2025-07-14T14:23:13.261902Z", "fetched_at": "2025-07-14T14:23:29.214270+00:00", "symbol": "BTC-USD"}, {"trade_id": 848766956, "side": "buy", "size": "0.00693439", "price": "121517.80000000", "time": "2025-07-14T14:23:13.261902Z", "fetched_at": "2025-07-14T14:23:29.214270+00:00", "symbol": "BTC-USD"}, {"trade_id": 848766955, "side": "buy", "size": "0.05000000", "price": "121520.81000000", "time": "2025-07-14T14:23:13.261902Z", "fetched_at": "2025-07-14T14:23:29.214270+00:00", "symbol": "BTC-USD"}, {"trade_id": 848766954, "side": "buy", "size": "0.01899619", "price": "121520.82000000", "time": "2025-07-14T14:23:13.261902Z", "fetched_at": "2025-07-14T14:23:29.214270+00:00", "symbol": "BTC-USD"}, {"trade_id": 848766953, "side": "buy", "size": "0.00822802", "price": "121522.33000000", "time": "2025-07-14T14:23:13.261902Z", "fetched_at": "2025-07-14T14:23:29.214270+00:00", "symbol": "BTC-USD"}, {"trade_id": 848766952, "side": "buy", "size": "0.03200401", "price": "121524.55000000", "time": "2025-07-14T14:23:13.261902Z", "fetched_at": "2025-07-14T14:23:29.214270+00:00", "symbol": "BTC-USD"}, {"trade_id": 848766951, "side": "buy", "size": "0.00346719", "price": "121529.45000000", "time": "2025-07-14T14:23:13.261902Z", "fetched_at": "2025-07-14T14:23:29.214270+00:00", "symbol": "BTC-USD"}, {"trade_id": 848766950, "side": "buy", "size": "0.00822804", "price": "121535.58000000", "time": "2025-07-14T14:23:13.261902Z", "fetched_at": "2025-07-14T14:23:29.214270+00:00", "symbol": "BTC-USD"}, {"trade_id": 848766949, "side": "buy", "size": "0.00000115", "price": "121538.95000000", "time": "2025-07-14T14:23:13.261902Z", "fetched_at": "2025-07-14T14:23:29.214270+00:00", "symbol": "BTC-USD"}, {"trade_id": 848766948, "side": "buy", "size": "0.00000024", "price": "121538.95000000", "time": "2025-07-14T14:23:13.261902Z", "fetched_at": "2025-07-14T14:23:29.214270+00:00", "symbol": "BTC-USD"}, {"trade_id": 848766947, "side": "buy", "size": "0.00016462", "price": "121537.67000000", "time": "2025-07-14T14:23:12.543240Z", "fetched_at": "2025-07-14T14:23:29.214270+00:00", "symbol": "BTC-USD"}, {"trade_id": 848766946, "side": "buy", "size": "0.00030959", "price": "121534.28000000", "time": "2025-07-14T14:23:12.504002Z", "fetched_at": "2025-07-14T14:23:29.214270+00:00", "symbol": "BTC-USD"}, {"trade_id": 848766945, "side": "buy", "size": "0.11280273", "price": "121507.00000000", "time": "2025-07-14T14:23:12.477263Z", "fetched_at": "2025-07-14T14:23:29.214270+00:00", "symbol": "BTC-USD"}, {"trade_id": 848766944, "side": "buy", "size": "0.12246664", "price": "121507.29000000", "time": "2025-07-14T14:23:12.477263Z", "fetched_at": "2025-07-14T14:23:29.214270+00:00", "symbol": "BTC-USD"}, {"trade_id": 848766943, "side": "buy", "size": "0.02510999", "price": "121507.31000000", "time": "2025-07-14T14:23:12.477263Z", "fetched_at": "2025-07-14T14:23:29.214270+00:00", "symbol": "BTC-USD"}, {"trade_id": 848766942, "side": "buy", "size": "0.03904408", "price": "121507.47000000", "time": "2025-07-14T14:23:12.477263Z", "fetched_at": "2025-07-14T14:23:29.214270+00:00", "symbol": "BTC-USD"}, {"trade_id": 848766941, "side": "buy", "size": "0.11751788", "price": "121507.48000000", "time": "2025-07-14T14:23:12.477263Z", "fetched_at": "2025-07-14T14:23:29.214270+00:00", "symbol": "BTC-USD"}, {"trade_id": 848766940, "side": "buy", "size": "0.26012181", "price": "121507.49000000", "time": "2025-07-14T14:23:12.477263Z", "fetched_at": "2025-07-14T14:23:29.214270+00:00", "symbol": "BTC-USD"}, {"trade_id": 848766939, "side": "buy", "size": "0.01897656", "price": "121509.65000000", "time": "2025-07-14T14:23:12.477263Z", "fetched_at": "2025-07-14T14:23:29.214270+00:00", "symbol": "BTC-USD"}, {"trade_id": 848766938, "side": "buy", "size": "0.02235960", "price": "121512.35000000", "time": "2025-07-14T14:23:12.477263Z", "fetched_at": "2025-07-14T14:23:29.214270+00:00", "symbol": "BTC-USD"}, {"trade_id": 848766937, "side": "buy", "size": "0.02480170", "price": "121512.36000000", "time": "2025-07-14T14:23:12.477263Z", "fetched_at": "2025-07-14T14:23:29.214270+00:00", "symbol": "BTC-USD"}, {"trade_id": 848766936, "side": "buy", "size": "0.06480000", "price": "121514.00000000", "time": "2025-07-14T14:23:12.477263Z", "fetched_at": "2025-07-14T14:23:29.214270+00:00", "symbol": "BTC-USD"}, {"trade_id": 848766935, "side": "buy", "size": "0.03322924", "price": "121514.16000000", "time": "2025-07-14T14:23:12.477263Z", "fetched_at": "2025-07-14T14:23:29.214270+00:00", "symbol": "BTC-USD"}, {"trade_id": 848766934, "side": "buy", "size": "0.15425556", "price": "121515.80000000", "time": "2025-07-14T14:23:12.477263Z", "fetched_at": "2025-07-14T14:23:29.214270+00:00", "symbol": "BTC-USD"}, {"trade_id": 848766933, "side": "buy", "size": "0.02307003", "price": "121515.99000000", "time": "2025-07-14T14:23:12.477263Z", "fetched_at": "2025-07-14T14:23:29.214270+00:00", "symbol": "BTC-USD"}, {"trade_id": 848766932, "side": "buy", "size": "0.18364000", "price": "121516.01000000", "time": "2025-07-14T14:23:12.477263Z", "fetched_at": "2025-07-14T14:23:29.214270+00:00", "symbol": "BTC-USD"}, {"trade_id": 848766931, "side": "buy", "size": "0.00033000", "price": "121516.97000000", "time": "2025-07-14T14:23:12.477263Z", "fetched_at": "2025-07-14T14:23:29.214270+00:00", "symbol": "BTC-USD"}, {"trade_id": 848766930, "side": "buy", "size": "0.00551300", "price": "121518.50000000", "time": "2025-07-14T14:23:12.477263Z", "fetched_at": "2025-07-14T14:23:29.214270+00:00", "symbol": "BTC-USD"}, {"trade_id": 848766929, "side": "buy", "size": "0.33986500", "price": "121518.97000000", "time": "2025-07-14T14:23:12.477263Z", "fetched_at": "2025-07-14T14:23:29.214270+00:00", "symbol": "BTC-USD"}, {"trade_id": 848766928, "side": "buy", "size": "0.00001316", "price": "121521.25000000", "time": "2025-07-14T14:23:12.477263Z", "fetched_at": "2025-07-14T14:23:29.214270+00:00", "symbol": "BTC-USD"}, {"trade_id": 848766927, "side": "buy", "size": "0.00000106", "price": "121526.17000000", "time": "2025-07-14T14:23:12.477263Z", "fetched_at": "2025-07-14T14:23:29.214270+00:00", "symbol": "BTC-USD"}, {"trade_id": 848766926, "side": "buy", "size": "0.06480000", "price": "121527.49000000", "time": "2025-07-14T14:23:12.477263Z", "fetched_at": "2025-07-14T14:23:29.214270+00:00", "symbol": "BTC-USD"}, {"trade_id": 848766925, "side": "buy", "size": "0.00683653", "price": "121529.08000000", "time": "2025-07-14T14:23:12.477263Z", "fetched_at": "2025-07-14T14:23:29.214270+00:00", "symbol": "BTC-USD"}, {"trade_id": 848766924, "side": "buy", "size": "0.03276771", "price": "121529.09000000", "time": "2025-07-14T14:23:12.477263Z", "fetched_at": "2025-07-14T14:23:29.214270+00:00", "symbol": "BTC-USD"}, {"trade_id": 848766923, "side": "buy", "size": "0.00822825", "price": "121532.55000000", "time": "2025-07-14T14:23:12.477263Z", "fetched_at": "2025-07-14T14:23:29.214270+00:00", "symbol": "BTC-USD"}, {"trade_id": 848766922, "side": "buy", "size": "0.03500000", "price": "121532.56000000", "time": "2025-07-14T14:23:12.477263Z", "fetched_at": "2025-07-14T14:23:29.214270+00:00", "symbol": "BTC-USD"}, {"trade_id": 848766921, "side": "buy", "size": "0.00000049", "price": "121533.31000000", "time": "2025-07-14T14:23:12.477263Z", "fetched_at": "2025-07-14T14:23:29.214270+00:00", "symbol": "BTC-USD"}, {"trade_id": 848766920, "side": "buy", "size": "0.00337635", "price": "121534.27000000", "time": "2025-07-14T14:23:12.477263Z", "fetched_at": "2025-07-14T14:23:29.214270+00:00", "symbol": "BTC-USD"}, {"trade_id": 848766919, "side": "buy", "size": "0.00822776", "price": "121539.73000000", "time": "2025-07-14T14:23:12.477263Z", "fetched_at": "2025-07-14T14:23:29.214270+00:00", "symbol": "BTC-USD"}, {"trade_id": 848766918, "side": "buy", "size": "0.00822549", "price": "121543.26000000", "time": "2025-07-14T14:23:12.477263Z", "fetched_at": "2025-07-14T14:23:29.214270+00:00", "symbol": "BTC-USD"}, {"trade_id": 848766917, "side": "sell", "size": "0.00411379", "price": "121542.33000000", "time": "2025-07-14T14:23:12.181678Z", "fetched_at": "2025-07-14T14:23:29.214270+00:00", "symbol": "BTC-USD"}, {"trade_id": 848766916, "side": "sell", "size": "0.00081926", "price": "121546.23000000", "time": "2025-07-14T14:23:11.995280Z", "fetched_at": "2025-07-14T14:23:29.214270+00:00", "symbol": "BTC-USD"}, {"trade_id": 848766915, "side": "buy", "size": "0.00000016", "price": "121536.32000000", "time": "2025-07-14T14:23:11.813390Z", "fetched_at": "2025-07-14T14:23:29.214270+00:00", "symbol": "BTC-USD"}, {"trade_id": 848766914, "side": "sell", "size": "0.00160507", "price": "121547.05000000", "time": "2025-07-14T14:23:11.755779Z", "fetched_at": "2025-07-14T14:23:29.214270+00:00", "symbol": "BTC-USD"}, {"trade_id": 848766913, "side": "sell", "size": "0.00878026", "price": "121551.22000000", "time": "2025-07-14T14:23:11.297679Z", "fetched_at": "2025-07-14T14:23:29.214270+00:00", "symbol": "BTC-USD"}, {"trade_id": 848766912, "side": "sell", "size": "0.00822786", "price": "121538.24000000", "time": "2025-07-14T14:23:11.297679Z", "fetched_at": "2025-07-14T14:23:29.214270+00:00", "symbol": "BTC-USD"}, {"trade_id": 848766911, "side": "sell", "size": "0.00000709", "price": "121536.43000000", "time": "2025-07-14T14:23:11.297679Z", "fetched_at": "2025-07-14T14:23:29.214270+00:00", "symbol": "BTC-USD"}, {"trade_id": 848766910, "side": "sell", "size": "0.03089386", "price": "121536.42000000", "time": "2025-07-14T14:23:11.297679Z", "fetched_at": "2025-07-14T14:23:29.214270+00:00", "symbol": "BTC-USD"}, {"trade_id": 848766909, "side": "sell", "size": "0.00046537", "price": "121536.42000000", "time": "2025-07-14T14:23:11.054093Z", "fetched_at": "2025-07-14T14:23:29.214270+00:00", "symbol": "BTC-USD"}, {"trade_id": 848766908, "side": "sell", "size": "0.00079924", "price": "121536.41000000", "time": "2025-07-14T14:23:11.012747Z", "fetched_at": "2025-07-14T14:23:29.214270+00:00", "symbol": "BTC-USD"}, {"trade_id": 848766907, "side": "sell", "size": "0.00806938", "price": "121536.43000000", "time": "2025-07-14T14:23:10.877272Z", "fetched_at": "2025-07-14T14:23:29.214270+00:00", "symbol": "BTC-USD"}, {"trade_id": 848766906, "side": "buy", "size": "0.05864020", "price": "121512.21000000", "time": "2025-07-14T14:23:10.824501Z", "fetched_at": "2025-07-14T14:23:29.214270+00:00", "symbol": "BTC-USD"}, {"trade_id": 848766905, "side": "buy", "size": "0.09520071", "price": "121514.42000000", "time": "2025-07-14T14:23:10.824501Z", "fetched_at": "2025-07-14T14:23:29.214270+00:00", "symbol": "BTC-USD"}, {"trade_id": 848766904, "side": "buy", "size": "0.03200401", "price": "121516.64000000", "time": "2025-07-14T14:23:10.824501Z", "fetched_at": "2025-07-14T14:23:29.214270+00:00", "symbol": "BTC-USD"}, {"trade_id": 848766903, "side": "buy", "size": "0.00323061", "price": "121518.43000000", "time": "2025-07-14T14:23:10.824501Z", "fetched_at": "2025-07-14T14:23:29.214270+00:00", "symbol": "BTC-USD"}, {"trade_id": 848766902, "side": "buy", "size": "0.04061418", "price": "121520.23000000", "time": "2025-07-14T14:23:10.824501Z", "fetched_at": "2025-07-14T14:23:29.214270+00:00", "symbol": "BTC-USD"}, {"trade_id": 848766901, "side": "buy", "size": "0.01000000", "price": "121522.73000000", "time": "2025-07-14T14:23:10.824501Z", "fetched_at": "2025-07-14T14:23:29.214270+00:00", "symbol": "BTC-USD"}, {"trade_id": 848766900, "side": "buy", "size": "0.06480000", "price": "121525.14000000", "time": "2025-07-14T14:23:10.824501Z", "fetched_at": "2025-07-14T14:23:29.214270+00:00", "symbol": "BTC-USD"}, {"trade_id": 848766899, "side": "buy", "size": "0.00822825", "price": "121532.44000000", "time": "2025-07-14T14:23:10.824501Z", "fetched_at": "2025-07-14T14:23:29.214270+00:00", "symbol": "BTC-USD"}, {"trade_id": 848766898, "side": "buy", "size": "0.00174671", "price": "121534.10000000", "time": "2025-07-14T14:23:10.824501Z", "fetched_at": "2025-07-14T14:23:29.214270+00:00", "symbol": "BTC-USD"}, {"trade_id": 848766897, "side": "buy", "size": "0.00170116", "price": "121534.11000000", "time": "2025-07-14T14:23:10.824501Z", "fetched_at": "2025-07-14T14:23:29.214270+00:00", "symbol": "BTC-USD"}, {"trade_id": 848766896, "side": "buy", "size": "0.00173770", "price": "121534.24000000", "time": "2025-07-14T14:23:10.824501Z", "fetched_at": "2025-07-14T14:23:29.214270+00:00", "symbol": "BTC-USD"}, {"trade_id": 848766895, "side": "buy", "size": "0.00717750", "price": "121536.42000000", "time": "2025-07-14T14:23:10.824501Z", "fetched_at": "2025-07-14T14:23:29.214270+00:00", "symbol": "BTC-USD"}, {"trade_id": 848766894, "side": "buy", "size": "0.00702288", "price": "121536.42000000", "time": "2025-07-14T14:23:10.824501Z", "fetched_at": "2025-07-14T14:23:29.214270+00:00", "symbol": "BTC-USD"}, {"trade_id": 848766893, "side": "buy", "size": "0.00822580", "price": "121536.42000000", "time": "2025-07-14T14:23:10.824501Z", "fetched_at": "2025-07-14T14:23:29.214270+00:00", "symbol": "BTC-USD"}, {"trade_id": 848766892, "side": "buy", "size": "0.03000000", "price": "121536.42000000", "time": "2025-07-14T14:23:10.824501Z", "fetched_at": "2025-07-14T14:23:29.214270+00:00", "symbol": "BTC-USD"}, {"trade_id": 848766891, "side": "sell", "size": "0.00015398", "price": "121536.43000000", "time": "2025-07-14T14:23:10.763826Z", "fetched_at": "2025-07-14T14:23:29.214270+00:00", "symbol": "BTC-USD"}, {"trade_id": 848766890, "side": "sell", "size": "0.00000205", "price": "121522.74000000", "time": "2025-07-14T14:23:10.763826Z", "fetched_at": "2025-07-14T14:23:29.214270+00:00", "symbol": "BTC-USD"}, {"trade_id": 848766889, "side": "buy", "size": "0.00041555", "price": "121518.43000000", "time": "2025-07-14T14:23:10.484134Z", "fetched_at": "2025-07-14T14:23:29.214270+00:00", "symbol": "BTC-USD"}, {"trade_id": 848766888, "side": "sell", "size": "0.00500000", "price": "121518.44000000", "time": "2025-07-14T14:23:10.477978Z", "fetched_at": "2025-07-14T14:23:29.214270+00:00", "symbol": "BTC-USD"}, {"trade_id": 848766887, "side": "sell", "size": "0.00159725", "price": "121518.44000000", "time": "2025-07-14T14:23:10.342216Z", "fetched_at": "2025-07-14T14:23:29.214270+00:00", "symbol": "BTC-USD"}, {"trade_id": 848766886, "side": "sell", "size": "0.00000147", "price": "121514.45000000", "time": "2025-07-14T14:23:10.342216Z", "fetched_at": "2025-07-14T14:23:29.214270+00:00", "symbol": "BTC-USD"}, {"trade_id": 848766885, "side": "buy", "size": "0.00036954", "price": "121509.93000000", "time": "2025-07-14T14:23:09.717510Z", "fetched_at": "2025-07-14T14:23:29.214270+00:00", "symbol": "BTC-USD"}, {"trade_id": 848766884, "side": "buy", "size": "0.00002130", "price": "121512.78000000", "time": "2025-07-14T14:23:09.717510Z", "fetched_at": "2025-07-14T14:23:29.214270+00:00", "symbol": "BTC-USD"}, {"trade_id": 848766883, "side": "buy", "size": "0.00822907", "price": "121514.44000000", "time": "2025-07-14T14:23:09.717510Z", "fetched_at": "2025-07-14T14:23:29.214270+00:00", "symbol": "BTC-USD"}, {"trade_id": 848766882, "side": "sell", "size": "0.16560989", "price": "121500.00000000", "time": "2025-07-14T14:23:09.581138Z", "fetched_at": "2025-07-14T14:23:29.214270+00:00", "symbol": "BTC-USD"}, {"trade_id": 848766881, "side": "sell", "size": "0.00000664", "price": "121499.60000000", "time": "2025-07-14T14:23:09.581138Z", "fetched_at": "2025-07-14T14:23:29.214270+00:00", "symbol": "BTC-USD"}, {"trade_id": 848766880, "side": "sell", "size": "0.00000834", "price": "121499.60000000", "time": "2025-07-14T14:23:09.581138Z", "fetched_at": "2025-07-14T14:23:29.214270+00:00", "symbol": "BTC-USD"}, {"trade_id": 848766879, "side": "sell", "size": "0.00159932", "price": "121499.60000000", "time": "2025-07-14T14:23:09.518678Z", "fetched_at": "2025-07-14T14:23:29.214270+00:00", "symbol": "BTC-USD"}, {"trade_id": 848766878, "side": "sell", "size": "0.00055680", "price": "121499.32000000", "time": "2025-07-14T14:23:09.443022Z", "fetched_at": "2025-07-14T14:23:29.214270+00:00", "symbol": "BTC-USD"}, {"trade_id": 848766877, "side": "sell", "size": "0.00002067", "price": "121495.12000000", "time": "2025-07-14T14:23:09.443022Z", "fetched_at": "2025-07-14T14:23:29.214270+00:00", "symbol": "BTC-USD"}, {"trade_id": 848766876, "side": "sell", "size": "0.00070519", "price": "121499.32000000", "time": "2025-07-14T14:23:09.314046Z", "fetched_at": "2025-07-14T14:23:29.214270+00:00", "symbol": "BTC-USD"}, {"trade_id": 848766875, "side": "sell", "size": "0.00002481", "price": "121495.12000000", "time": "2025-07-14T14:23:09.314046Z", "fetched_at": "2025-07-14T14:23:29.214270+00:00", "symbol": "BTC-USD"}, {"trade_id": 848766874, "side": "sell", "size": "0.00019504", "price": "121492.42000000", "time": "2025-07-14T14:23:09.215965Z", "fetched_at": "2025-07-14T14:23:29.214270+00:00", "symbol": "BTC-USD"}, {"trade_id": 848766873, "side": "sell", "size": "0.00671122", "price": "121490.61000000", "time": "2025-07-14T14:23:08.668801Z", "fetched_at": "2025-07-14T14:23:29.214270+00:00", "symbol": "BTC-USD"}, {"trade_id": 848766872, "side": "sell", "size": "0.00973689", "price": "121490.60000000", "time": "2025-07-14T14:23:08.668801Z", "fetched_at": "2025-07-14T14:23:29.214270+00:00", "symbol": "BTC-USD"}, {"trade_id": 848766871, "side": "sell", "size": "0.00001407", "price": "121476.01000000", "time": "2025-07-14T14:23:08.668801Z", "fetched_at": "2025-07-14T14:23:29.214270+00:00", "symbol": "BTC-USD"}, {"trade_id": 848766870, "side": "sell", "size": "0.00411124", "price": "121485.67000000", "time": "2025-07-14T14:23:07.714125Z", "fetched_at": "2025-07-14T14:23:29.214270+00:00", "symbol": "BTC-USD"}, {"trade_id": 848766869, "side": "sell", "size": "0.00031166", "price": "121485.69000000", "time": "2025-07-14T14:23:07.692637Z", "fetched_at": "2025-07-14T14:23:29.214270+00:00", "symbol": "BTC-USD"}, {"trade_id": 848766868, "side": "sell", "size": "0.00079973", "price": "121485.97000000", "time": "2025-07-14T14:23:07.419311Z", "fetched_at": "2025-07-14T14:23:29.214270+00:00", "symbol": "BTC-USD"}, {"trade_id": 848766867, "side": "sell", "size": "0.00002730", "price": "121479.92000000", "time": "2025-07-14T14:23:06.966648Z", "fetched_at": "2025-07-14T14:23:29.214270+00:00", "symbol": "BTC-USD"}, {"trade_id": 848766866, "side": "sell", "size": "0.00006137", "price": "121479.85000000", "time": "2025-07-14T14:23:06.966648Z", "fetched_at": "2025-07-14T14:23:29.214270+00:00", "symbol": "BTC-USD"}, {"trade_id": 848766865, "side": "sell", "size": "0.00006289", "price": "121479.71000000", "time": "2025-07-14T14:23:06.966648Z", "fetched_at": "2025-07-14T14:23:29.214270+00:00", "symbol": "BTC-USD"}, {"trade_id": 848766864, "side": "sell", "size": "0.00007299", "price": "121479.40000000", "time": "2025-07-14T14:23:06.966648Z", "fetched_at": "2025-07-14T14:23:29.214270+00:00", "symbol": "BTC-USD"}, {"trade_id": 848766863, "side": "sell", "size": "0.00009060", "price": "121479.28000000", "time": "2025-07-14T14:23:06.966648Z", "fetched_at": "2025-07-14T14:23:29.214270+00:00", "symbol": "BTC-USD"}, {"trade_id": 848766862, "side": "sell", "size": "0.00010485", "price": "121479.06000000", "time": "2025-07-14T14:23:06.966648Z", "fetched_at": "2025-07-14T14:23:29.214270+00:00", "symbol": "BTC-USD"}, {"trade_id": 848766861, "side": "buy", "size": "0.00001813", "price": "121480.00000000", "time": "2025-07-14T14:23:06.960882Z", "fetched_at": "2025-07-14T14:23:29.214270+00:00", "symbol": "BTC-USD"}, {"trade_id": 848766860, "side": "buy", "size": "0.00144504", "price": "121480.00000000", "time": "2025-07-14T14:23:06.960819Z", "fetched_at": "2025-07-14T14:23:29.214270+00:00", "symbol": "BTC-USD"}, {"trade_id": 848766859, "side": "buy", "size": "0.00001496", "price": "121482.00000000", "time": "2025-07-14T14:23:06.960819Z", "fetched_at": "2025-07-14T14:23:29.214270+00:00", "symbol": "BTC-USD"}, {"trade_id": 848766858, "side": "buy", "size": "0.00371662", "price": "121482.00000000", "time": "2025-07-14T14:23:06.960698Z", "fetched_at": "2025-07-14T14:23:29.214270+00:00", "symbol": "BTC-USD"}, {"trade_id": 848766857, "side": "buy", "size": "0.00001196", "price": "121485.16000000", "time": "2025-07-14T14:23:06.960698Z", "fetched_at": "2025-07-14T14:23:29.214270+00:00", "symbol": "BTC-USD"}, {"trade_id": 848766856, "side": "buy", "size": "0.00000142", "price": "121485.70000000", "time": "2025-07-14T14:23:06.960698Z", "fetched_at": "2025-07-14T14:23:29.214270+00:00", "symbol": "BTC-USD"}, {"trade_id": 848766855, "side": "buy", "size": "0.00823000", "price": "121485.70000000", "time": "2025-07-14T14:23:06.959303Z", "fetched_at": "2025-07-14T14:23:29.214270+00:00", "symbol": "BTC-USD"}, {"trade_id": 848766854, "side": "buy", "size": "0.04407212", "price": "121487.52000000", "time": "2025-07-14T14:23:06.949961Z", "fetched_at": "2025-07-14T14:23:29.214270+00:00", "symbol": "BTC-USD"}, {"trade_id": 848766853, "side": "buy", "size": "0.02874578", "price": "121487.52000000", "time": "2025-07-14T14:23:06.949209Z", "fetched_at": "2025-07-14T14:23:29.214270+00:00", "symbol": "BTC-USD"}, {"trade_id": 848766852, "side": "buy", "size": "0.01344758", "price": "121487.52000000", "time": "2025-07-14T14:23:06.948954Z", "fetched_at": "2025-07-14T14:23:29.214270+00:00", "symbol": "BTC-USD"}, {"trade_id": 848766851, "side": "buy", "size": "0.00895919", "price": "121487.52000000", "time": "2025-07-14T14:23:06.921475Z", "fetched_at": "2025-07-14T14:23:29.214270+00:00", "symbol": "BTC-USD"}, {"trade_id": 848766850, "side": "buy", "size": "0.00001000", "price": "121487.52000000", "time": "2025-07-14T14:23:06.921475Z", "fetched_at": "2025-07-14T14:23:29.214270+00:00", "symbol": "BTC-USD"}, {"trade_id": 848766849, "side": "sell", "size": "0.00087492", "price": "121495.11000000", "time": "2025-07-14T14:23:06.571531Z", "fetched_at": "2025-07-14T14:23:29.214270+00:00", "symbol": "BTC-USD"}, {"trade_id": 848766848, "side": "buy", "size": "0.00028426", "price": "121490.16000000", "time": "2025-07-14T14:23:06.258785Z", "fetched_at": "2025-07-14T14:23:29.214270+00:00", "symbol": "BTC-USD"}, {"trade_id": 848766847, "side": "buy", "size": "0.00271574", "price": "121490.16000000", "time": "2025-07-14T14:23:06.258785Z", "fetched_at": "2025-07-14T14:23:29.214270+00:00", "symbol": "BTC-USD"}, {"trade_id": 848766846, "side": "buy", "size": "0.04000000", "price": "121497.24000000", "time": "2025-07-14T14:23:06.248178Z", "fetched_at": "2025-07-14T14:23:29.214270+00:00", "symbol": "BTC-USD"}, {"trade_id": 848766845, "side": "buy", "size": "0.00823058", "price": "121498.16000000", "time": "2025-07-14T14:23:06.248178Z", "fetched_at": "2025-07-14T14:23:29.214270+00:00", "symbol": "BTC-USD"}, {"trade_id": 848766844, "side": "buy", "size": "0.03175399", "price": "121499.99000000", "time": "2025-07-14T14:23:06.241110Z", "fetched_at": "2025-07-14T14:23:29.214270+00:00", "symbol": "BTC-USD"}, {"trade_id": 848766843, "side": "buy", "size": "0.01000000", "price": "121499.99000000", "time": "2025-07-14T14:23:06.241110Z", "fetched_at": "2025-07-14T14:23:29.214270+00:00", "symbol": "BTC-USD"}, {"trade_id": 848766842, "side": "buy", "size": "0.04866000", "price": "121499.99000000", "time": "2025-07-14T14:23:06.241110Z", "fetched_at": "2025-07-14T14:23:29.214270+00:00", "symbol": "BTC-USD"}, {"trade_id": 848766841, "side": "buy", "size": "0.01000000", "price": "121499.99000000", "time": "2025-07-14T14:23:06.241110Z", "fetched_at": "2025-07-14T14:23:29.214270+00:00", "symbol": "BTC-USD"}, {"trade_id": 848766840, "side": "sell", "size": "0.21475084", "price": "121500.00000000", "time": "2025-07-14T14:23:05.664617Z", "fetched_at": "2025-07-14T14:23:29.214270+00:00", "symbol": "BTC-USD"}, {"trade_id": 848766839, "side": "sell", "size": "0.00019663", "price": "121495.70000000", "time": "2025-07-14T14:23:05.663966Z", "fetched_at": "2025-07-14T14:23:29.214270+00:00", "symbol": "BTC-USD"}, {"trade_id": 848766838, "side": "sell", "size": "0.00026218", "price": "121495.67000000", "time": "2025-07-14T14:23:05.663966Z", "fetched_at": "2025-07-14T14:23:29.214270+00:00", "symbol": "BTC-USD"}, {"trade_id": 848766837, "side": "sell", "size": "0.00823081", "price": "121494.73000000", "time": "2025-07-14T14:23:05.663966Z", "fetched_at": "2025-07-14T14:23:29.214270+00:00", "symbol": "BTC-USD"}, {"trade_id": 848766836, "side": "sell", "size": "0.03007028", "price": "121492.93000000", "time": "2025-07-14T14:23:05.663935Z", "fetched_at": "2025-07-14T14:23:29.214270+00:00", "symbol": "BTC-USD"}, {"trade_id": 848766835, "side": "sell", "size": "0.01947379", "price": "121492.85000000", "time": "2025-07-14T14:23:05.663935Z", "fetched_at": "2025-07-14T14:23:29.214270+00:00", "symbol": "BTC-USD"}, {"trade_id": 848766834, "side": "sell", "size": "0.01000000", "price": "121492.84000000", "time": "2025-07-14T14:23:05.663935Z", "fetched_at": "2025-07-14T14:23:29.214270+00:00", "symbol": "BTC-USD"}, {"trade_id": 848766833, "side": "sell", "size": "0.01000000", "price": "121492.84000000", "time": "2025-07-14T14:23:05.663935Z", "fetched_at": "2025-07-14T14:23:29.214270+00:00", "symbol": "BTC-USD"}, {"trade_id": 848766832, "side": "buy", "size": "0.00002109", "price": "121493.83000000", "time": "2025-07-14T14:23:05.030854Z", "fetched_at": "2025-07-14T14:23:29.214270+00:00", "symbol": "BTC-USD"}, {"trade_id": 848766831, "side": "buy", "size": "0.00001000", "price": "121496.64000000", "time": "2025-07-14T14:23:05.030854Z", "fetched_at": "2025-07-14T14:23:29.214270+00:00", "symbol": "BTC-USD"}, {"trade_id": 848766830, "side": "buy", "size": "0.00003750", "price": "121498.00000000", "time": "2025-07-14T14:23:05.030854Z", "fetched_at": "2025-07-14T14:23:29.214270+00:00", "symbol": "BTC-USD"}, {"trade_id": 848766829, "side": "buy", "size": "0.00000699", "price": "121498.02000000", "time": "2025-07-14T14:23:05.030854Z", "fetched_at": "2025-07-14T14:23:29.214270+00:00", "symbol": "BTC-USD"}, {"trade_id": 848766828, "side": "buy", "size": "0.00000370", "price": "121498.02000000", "time": "2025-07-14T14:23:05.030854Z", "fetched_at": "2025-07-14T14:23:29.214270+00:00", "symbol": "BTC-USD"}, {"trade_id": 848766827, "side": "sell", "size": "0.00089000", "price": "121500.00000000", "time": "2025-07-14T14:23:04.104737Z", "fetched_at": "2025-07-14T14:23:29.214270+00:00", "symbol": "BTC-USD"}, {"trade_id": 848766826, "side": "sell", "size": "0.39389114", "price": "121500.00000000", "time": "2025-07-14T14:23:04.086525Z", "fetched_at": "2025-07-14T14:23:29.214270+00:00", "symbol": "BTC-USD"}, {"trade_id": 848766825, "side": "buy", "size": "0.11871985", "price": "121500.00000000", "time": "2025-07-14T14:23:03.984128Z", "fetched_at": "2025-07-14T14:23:29.214270+00:00", "symbol": "BTC-USD"}, {"trade_id": 848766824, "side": "buy", "size": "0.00004090", "price": "121500.00000000", "time": "2025-07-14T14:23:03.984128Z", "fetched_at": "2025-07-14T14:23:29.214270+00:00", "symbol": "BTC-USD"}, {"trade_id": 848766823, "side": "buy", "size": "0.00063565", "price": "121500.00000000", "time": "2025-07-14T14:23:03.984128Z", "fetched_at": "2025-07-14T14:23:29.214270+00:00", "symbol": "BTC-USD"}, {"trade_id": 848766822, "side": "buy", "size": "0.00060000", "price": "121500.00000000", "time": "2025-07-14T14:23:03.984128Z", "fetched_at": "2025-07-14T14:23:29.214270+00:00", "symbol": "BTC-USD"}, {"trade_id": 848766821, "side": "buy", "size": "0.07392510", "price": "121500.00000000", "time": "2025-07-14T14:23:03.984128Z", "fetched_at": "2025-07-14T14:23:29.214270+00:00", "symbol": "BTC-USD"}, {"trade_id": 848766820, "side": "buy", "size": "0.92607490", "price": "121500.00000000", "time": "2025-07-14T14:23:03.984128Z", "fetched_at": "2025-07-14T14:23:29.214270+00:00", "symbol": "BTC-USD"}, {"trade_id": 848766819, "side": "buy", "size": "0.77512222", "price": "121500.00000000", "time": "2025-07-14T14:23:03.984128Z", "fetched_at": "2025-07-14T14:23:29.214270+00:00", "symbol": "BTC-USD"}, {"trade_id": 848766818, "side": "buy", "size": "0.00204526", "price": "121500.00000000", "time": "2025-07-14T14:23:03.984128Z", "fetched_at": "2025-07-14T14:23:29.214270+00:00", "symbol": "BTC-USD"}, {"trade_id": 848766817, "side": "buy", "size": "0.00016263", "price": "121500.00000000", "time": "2025-07-14T14:23:03.984128Z", "fetched_at": "2025-07-14T14:23:29.214270+00:00", "symbol": "BTC-USD"}, {"trade_id": 848766816, "side": "buy", "size": "0.00087757", "price": "121500.00000000", "time": "2025-07-14T14:23:03.984128Z", "fetched_at": "2025-07-14T14:23:29.214270+00:00", "symbol": "BTC-USD"}, {"trade_id": 848766815, "side": "buy", "size": "0.04101060", "price": "121500.00000000", "time": "2025-07-14T14:23:03.984128Z", "fetched_at": "2025-07-14T14:23:29.214270+00:00", "symbol": "BTC-USD"}, {"trade_id": 848766814, "side": "buy", "size": "0.00082098", "price": "121500.00000000", "time": "2025-07-14T14:23:03.984128Z", "fetched_at": "2025-07-14T14:23:29.214270+00:00", "symbol": "BTC-USD"}, {"trade_id": 848766813, "side": "buy", "size": "0.16528290", "price": "121500.00000000", "time": "2025-07-14T14:23:03.984128Z", "fetched_at": "2025-07-14T14:23:29.214270+00:00", "symbol": "BTC-USD"}, {"trade_id": 848766812, "side": "buy", "size": "0.00410493", "price": "121500.00000000", "time": "2025-07-14T14:23:03.984128Z", "fetched_at": "2025-07-14T14:23:29.214270+00:00", "symbol": "BTC-USD"}, {"trade_id": 848766811, "side": "buy", "size": "0.00246296", "price": "121500.00000000", "time": "2025-07-14T14:23:03.984128Z", "fetched_at": "2025-07-14T14:23:29.214270+00:00", "symbol": "BTC-USD"}, {"trade_id": 848766810, "side": "buy", "size": "0.00408436", "price": "121500.00000000", "time": "2025-07-14T14:23:03.984128Z", "fetched_at": "2025-07-14T14:23:29.214270+00:00", "symbol": "BTC-USD"}, {"trade_id": 848766809, "side": "buy", "size": "0.02071655", "price": "121500.00000000", "time": "2025-07-14T14:23:03.984128Z", "fetched_at": "2025-07-14T14:23:29.214270+00:00", "symbol": "BTC-USD"}, {"trade_id": 848766808, "side": "buy", "size": "0.00410087", "price": "121500.00000000", "time": "2025-07-14T14:23:03.984128Z", "fetched_at": "2025-07-14T14:23:29.214270+00:00", "symbol": "BTC-USD"}, {"trade_id": 848766807, "side": "buy", "size": "0.00008230", "price": "121500.59000000", "time": "2025-07-14T14:23:03.984128Z", "fetched_at": "2025-07-14T14:23:29.214270+00:00", "symbol": "BTC-USD"}, {"trade_id": 848766806, "side": "buy", "size": "0.16000000", "price": "121501.00000000", "time": "2025-07-14T14:23:03.984128Z", "fetched_at": "2025-07-14T14:23:29.214270+00:00", "symbol": "BTC-USD"}, {"trade_id": 848766805, "side": "buy", "size": "0.01865899", "price": "121501.00000000", "time": "2025-07-14T14:23:03.984128Z", "fetched_at": "2025-07-14T14:23:29.214270+00:00", "symbol": "BTC-USD"}, {"trade_id": 848766804, "side": "buy", "size": "0.01056425", "price": "121501.01000000", "time": "2025-07-14T14:23:03.984128Z", "fetched_at": "2025-07-14T14:23:29.214270+00:00", "symbol": "BTC-USD"}, {"trade_id": 848766803, "side": "buy", "size": "0.00000098", "price": "121501.01000000", "time": "2025-07-14T14:23:03.984128Z", "fetched_at": "2025-07-14T14:23:29.214270+00:00", "symbol": "BTC-USD"}, {"trade_id": 848766802, "side": "buy", "size": "0.00085450", "price": "121509.61000000", "time": "2025-07-14T14:23:03.984128Z", "fetched_at": "2025-07-14T14:23:29.214270+00:00", "symbol": "BTC-USD"}, {"trade_id": 848766801, "side": "buy", "size": "0.00168233", "price": "121509.61000000", "time": "2025-07-14T14:23:03.984128Z", "fetched_at": "2025-07-14T14:23:29.214270+00:00", "symbol": "BTC-USD"}, {"trade_id": 848766800, "side": "buy", "size": "0.01000000", "price": "121509.62000000", "time": "2025-07-14T14:23:03.984128Z", "fetched_at": "2025-07-14T14:23:29.214270+00:00", "symbol": "BTC-USD"}, {"trade_id": 848766799, "side": "buy", "size": "0.02419625", "price": "121509.62000000", "time": "2025-07-14T14:23:03.984128Z", "fetched_at": "2025-07-14T14:23:29.214270+00:00", "symbol": "BTC-USD"}, {"trade_id": 848766798, "side": "buy", "size": "0.01000000", "price": "121509.63000000", "time": "2025-07-14T14:23:03.984128Z", "fetched_at": "2025-07-14T14:23:29.214270+00:00", "symbol": "BTC-USD"}, {"trade_id": 848766797, "side": "buy", "size": "0.00822979", "price": "121509.66000000", "time": "2025-07-14T14:23:03.984128Z", "fetched_at": "2025-07-14T14:23:29.214270+00:00", "symbol": "BTC-USD"}, {"trade_id": 848766796, "side": "buy", "size": "0.01000000", "price": "121509.77000000", "time": "2025-07-14T14:23:03.984128Z", "fetched_at": "2025-07-14T14:23:29.214270+00:00", "symbol": "BTC-USD"}, {"trade_id": 848766795, "side": "buy", "size": "0.00822930", "price": "121517.09000000", "time": "2025-07-14T14:23:03.984128Z", "fetched_at": "2025-07-14T14:23:29.214270+00:00", "symbol": "BTC-USD"}, {"trade_id": 848766794, "side": "buy", "size": "0.04866000", "price": "121518.91000000", "time": "2025-07-14T14:23:03.984128Z", "fetched_at": "2025-07-14T14:23:29.214270+00:00", "symbol": "BTC-USD"}, {"trade_id": 848766793, "side": "buy", "size": "0.00096558", "price": "121509.62000000", "time": "2025-07-14T14:23:03.642704Z", "fetched_at": "2025-07-14T14:23:29.214270+00:00", "symbol": "BTC-USD"}, {"trade_id": 848766792, "side": "sell", "size": "0.01500000", "price": "121522.28000000", "time": "2025-07-14T14:23:03.638724Z", "fetched_at": "2025-07-14T14:23:29.214270+00:00", "symbol": "BTC-USD"}, {"trade_id": 848766791, "side": "sell", "size": "0.00462270", "price": "121504.67000000", "time": "2025-07-14T14:23:03.142578Z", "fetched_at": "2025-07-14T14:23:29.214270+00:00", "symbol": "BTC-USD"}, {"trade_id": 848766790, "side": "sell", "size": "0.00003868", "price": "121507.81000000", "time": "2025-07-14T14:23:03.105775Z", "fetched_at": "2025-07-14T14:23:29.214270+00:00", "symbol": "BTC-USD"}, {"trade_id": 848766789, "side": "sell", "size": "0.00042000", "price": "121503.03000000", "time": "2025-07-14T14:23:02.882100Z", "fetched_at": "2025-07-14T14:23:29.214270+00:00", "symbol": "BTC-USD"}, {"trade_id": 848766788, "side": "buy", "size": "0.04210000", "price": "121503.19000000", "time": "2025-07-14T14:23:02.868472Z", "fetched_at": "2025-07-14T14:23:29.214270+00:00", "symbol": "BTC-USD"}, {"trade_id": 848766787, "side": "buy", "size": "0.00001000", "price": "121505.76000000", "time": "2025-07-14T14:23:02.860021Z", "fetched_at": "2025-07-14T14:23:29.214270+00:00", "symbol": "BTC-USD"}, {"trade_id": 848766786, "side": "buy", "size": "0.00020373", "price": "121506.18000000", "time": "2025-07-14T14:23:02.860021Z", "fetched_at": "2025-07-14T14:23:29.214270+00:00", "symbol": "BTC-USD"}, {"trade_id": 848766785, "side": "buy", "size": "0.00000721", "price": "121507.00000000", "time": "2025-07-14T14:23:02.860021Z", "fetched_at": "2025-07-14T14:23:29.214270+00:00", "symbol": "BTC-USD"}, {"trade_id": 848766784, "side": "buy", "size": "0.04164000", "price": "121507.00000000", "time": "2025-07-14T14:23:02.858970Z", "fetched_at": "2025-07-14T14:23:29.214270+00:00", "symbol": "BTC-USD"}, {"trade_id": 848766783, "side": "buy", "size": "0.00568650", "price": "121523.18000000", "time": "2025-07-14T14:23:02.209417Z", "fetched_at": "2025-07-14T14:23:29.214270+00:00", "symbol": "BTC-USD"}, {"trade_id": 848766782, "side": "buy", "size": "0.00001000", "price": "121524.00000000", "time": "2025-07-14T14:23:02.209417Z", "fetched_at": "2025-07-14T14:23:29.214270+00:00", "symbol": "BTC-USD"}, {"trade_id": 848766781, "side": "buy", "size": "0.16170927", "price": "121525.00000000", "time": "2025-07-14T14:23:02.206289Z", "fetched_at": "2025-07-14T14:23:29.214270+00:00", "symbol": "BTC-USD"}, {"trade_id": 848766780, "side": "buy", "size": "0.00000115", "price": "121525.00000000", "time": "2025-07-14T14:23:02.206289Z", "fetched_at": "2025-07-14T14:23:29.214270+00:00", "symbol": "BTC-USD"}, {"trade_id": 848766779, "side": "buy", "size": "0.02312153", "price": "121525.00000000", "time": "2025-07-14T14:23:02.206289Z", "fetched_at": "2025-07-14T14:23:29.214270+00:00", "symbol": "BTC-USD"}, {"trade_id": 848766778, "side": "buy", "size": "0.00823888", "price": "121525.00000000", "time": "2025-07-14T14:23:02.205995Z", "fetched_at": "2025-07-14T14:23:29.214270+00:00", "symbol": "BTC-USD"}, {"trade_id": 848766777, "side": "buy", "size": "0.05834802", "price": "121525.00000000", "time": "2025-07-14T14:23:02.202520Z", "fetched_at": "2025-07-14T14:23:29.214270+00:00", "symbol": "BTC-USD"}, {"trade_id": 848766776, "side": "buy", "size": "0.10366132", "price": "121525.00000000", "time": "2025-07-14T14:23:02.202444Z", "fetched_at": "2025-07-14T14:23:29.214270+00:00", "symbol": "BTC-USD"}, {"trade_id": 848766775, "side": "buy", "size": "0.08750559", "price": "121525.00000000", "time": "2025-07-14T14:23:02.202444Z", "fetched_at": "2025-07-14T14:23:29.214270+00:00", "symbol": "BTC-USD"}, {"trade_id": 848766774, "side": "buy", "size": "0.00172868", "price": "121525.00000000", "time": "2025-07-14T14:23:02.198736Z", "fetched_at": "2025-07-14T14:23:29.214270+00:00", "symbol": "BTC-USD"}, {"trade_id": 848766773, "side": "sell", "size": "0.00154000", "price": "121525.01000000", "time": "2025-07-14T14:23:01.524264Z", "fetched_at": "2025-07-14T14:23:29.214270+00:00", "symbol": "BTC-USD"}, {"trade_id": 848766772, "side": "sell", "size": "0.00286684", "price": "121528.44000000", "time": "2025-07-14T14:23:01.404997Z", "fetched_at": "2025-07-14T14:23:29.214270+00:00", "symbol": "BTC-USD"}, {"trade_id": 848766771, "side": "sell", "size": "0.00003711", "price": "121527.06000000", "time": "2025-07-14T14:23:01.404997Z", "fetched_at": "2025-07-14T14:23:29.214270+00:00", "symbol": "BTC-USD"}, {"trade_id": 848766770, "side": "sell", "size": "0.00006597", "price": "121526.93000000", "time": "2025-07-14T14:23:01.404997Z", "fetched_at": "2025-07-14T14:23:29.214270+00:00", "symbol": "BTC-USD"}, {"trade_id": 848766769, "side": "sell", "size": "0.00021326", "price": "121526.50000000", "time": "2025-07-14T14:23:01.404997Z", "fetched_at": "2025-07-14T14:23:29.214270+00:00", "symbol": "BTC-USD"}, {"trade_id": 848766768, "side": "sell", "size": "0.00002783", "price": "121526.32000000", "time": "2025-07-14T14:23:01.404997Z", "fetched_at": "2025-07-14T14:23:29.214270+00:00", "symbol": "BTC-USD"}, {"trade_id": 848766767, "side": "sell", "size": "0.00016446", "price": "121525.66000000", "time": "2025-07-14T14:23:01.404997Z", "fetched_at": "2025-07-14T14:23:29.214270+00:00", "symbol": "BTC-USD"}, {"trade_id": 848766766, "side": "sell", "size": "0.00015083", "price": "121525.60000000", "time": "2025-07-14T14:23:01.404997Z", "fetched_at": "2025-07-14T14:23:29.214270+00:00", "symbol": "BTC-USD"}, {"trade_id": 848766765, "side": "sell", "size": "0.00015994", "price": "121525.55000000", "time": "2025-07-14T14:23:01.404997Z", "fetched_at": "2025-07-14T14:23:29.214270+00:00", "symbol": "BTC-USD"}, {"trade_id": 848766764, "side": "sell", "size": "0.00010424", "price": "121525.39000000", "time": "2025-07-14T14:23:01.404997Z", "fetched_at": "2025-07-14T14:23:29.214270+00:00", "symbol": "BTC-USD"}, {"trade_id": 848766763, "side": "sell", "size": "0.00016232", "price": "121525.35000000", "time": "2025-07-14T14:23:01.404997Z", "fetched_at": "2025-07-14T14:23:29.214270+00:00", "symbol": "BTC-USD"}, {"trade_id": 848766762, "side": "sell", "size": "0.00015844", "price": "121525.19000000", "time": "2025-07-14T14:23:01.404997Z", "fetched_at": "2025-07-14T14:23:29.214270+00:00", "symbol": "BTC-USD"}, {"trade_id": 848766761, "side": "buy", "size": "0.03241010", "price": "121527.47000000", "time": "2025-07-14T14:23:01.368633Z", "fetched_at": "2025-07-14T14:23:29.214270+00:00", "symbol": "BTC-USD"}, {"trade_id": 848766760, "side": "buy", "size": "0.00822628", "price": "121533.04000000", "time": "2025-07-14T14:23:01.368633Z", "fetched_at": "2025-07-14T14:23:29.214270+00:00", "symbol": "BTC-USD"}, {"trade_id": 848766759, "side": "buy", "size": "0.00001000", "price": "121533.12000000", "time": "2025-07-14T14:23:01.368633Z", "fetched_at": "2025-07-14T14:23:29.214270+00:00", "symbol": "BTC-USD"}, {"trade_id": 848766758, "side": "buy", "size": "0.00822803", "price": "121535.81000000", "time": "2025-07-14T14:23:01.368327Z", "fetched_at": "2025-07-14T14:23:29.214270+00:00", "symbol": "BTC-USD"}, {"trade_id": 848766757, "side": "buy", "size": "0.20016770", "price": "121537.33000000", "time": "2025-07-14T14:23:01.367719Z", "fetched_at": "2025-07-14T14:23:29.214270+00:00", "symbol": "BTC-USD"}, {"trade_id": 848766756, "side": "buy", "size": "0.00001000", "price": "121542.24000000", "time": "2025-07-14T14:23:01.367719Z", "fetched_at": "2025-07-14T14:23:29.214270+00:00", "symbol": "BTC-USD"}, {"trade_id": 848766755, "side": "buy", "size": "0.01683337", "price": "121543.74000000", "time": "2025-07-14T14:23:00.620186Z", "fetched_at": "2025-07-14T14:23:29.214270+00:00", "symbol": "BTC-USD"}, {"trade_id": 848766754, "side": "buy", "size": "0.03949826", "price": "121543.74000000", "time": "2025-07-14T14:23:00.618881Z", "fetched_at": "2025-07-14T14:23:29.214270+00:00", "symbol": "BTC-USD"}, {"trade_id": 848766753, "side": "buy", "size": "0.02914546", "price": "121543.74000000", "time": "2025-07-14T14:23:00.617086Z", "fetched_at": "2025-07-14T14:23:29.214270+00:00", "symbol": "BTC-USD"}, {"trade_id": 848766752, "side": "buy", "size": "0.01042407", "price": "121543.75000000", "time": "2025-07-14T14:23:00.617086Z", "fetched_at": "2025-07-14T14:23:29.214270+00:00", "symbol": "BTC-USD"}, {"trade_id": 848766751, "side": "buy", "size": "0.00325913", "price": "121543.75000000", "time": "2025-07-14T14:23:00.616560Z", "fetched_at": "2025-07-14T14:23:29.214270+00:00", "symbol": "BTC-USD"}, {"trade_id": 848766750, "side": "buy", "size": "0.01487427", "price": "121543.75000000", "time": "2025-07-14T14:23:00.616266Z", "fetched_at": "2025-07-14T14:23:29.214270+00:00", "symbol": "BTC-USD"}, {"trade_id": 848766749, "side": "buy", "size": "0.00240892", "price": "121544.93000000", "time": "2025-07-14T14:23:00.616266Z", "fetched_at": "2025-07-14T14:23:29.214270+00:00", "symbol": "BTC-USD"}, {"trade_id": 848766748, "side": "buy", "size": "0.00050000", "price": "121550.00000000", "time": "2025-07-14T14:23:00.615838Z", "fetched_at": "2025-07-14T14:23:29.214270+00:00", "symbol": "BTC-USD"}, {"trade_id": 848766747, "side": "buy", "size": "0.11847984", "price": "121551.03000000", "time": "2025-07-14T14:23:00.399065Z", "fetched_at": "2025-07-14T14:23:29.214270+00:00", "symbol": "BTC-USD"}, {"trade_id": 848766746, "side": "buy", "size": "0.00001000", "price": "121551.36000000", "time": "2025-07-14T14:23:00.399065Z", "fetched_at": "2025-07-14T14:23:29.214270+00:00", "symbol": "BTC-USD"}, {"trade_id": 848766745, "side": "buy", "size": "0.03032446", "price": "121554.44000000", "time": "2025-07-14T14:23:00.398851Z", "fetched_at": "2025-07-14T14:23:29.214270+00:00", "symbol": "BTC-USD"}, {"trade_id": 848766744, "side": "buy", "size": "0.23977565", "price": "121555.00000000", "time": "2025-07-14T14:23:00.398851Z", "fetched_at": "2025-07-14T14:23:29.214270+00:00", "symbol": "BTC-USD"}, {"trade_id": 848766743, "side": "buy", "size": "0.00001000", "price": "121560.48000000", "time": "2025-07-14T14:23:00.397178Z", "fetched_at": "2025-07-14T14:23:29.214270+00:00", "symbol": "BTC-USD"}, {"trade_id": 848766742, "side": "buy", "size": "0.00382964", "price": "121564.50000000", "time": "2025-07-14T14:23:00.396486Z", "fetched_at": "2025-07-14T14:23:29.214270+00:00", "symbol": "BTC-USD"}, {"trade_id": 848766741, "side": "buy", "size": "0.00822603", "price": "121565.21000000", "time": "2025-07-14T14:23:00.396486Z", "fetched_at": "2025-07-14T14:23:29.214270+00:00", "symbol": "BTC-USD"}, {"trade_id": 848766740, "side": "buy", "size": "0.00000337", "price": "121565.91000000", "time": "2025-07-14T14:23:00.396486Z", "fetched_at": "2025-07-14T14:23:29.214270+00:00", "symbol": "BTC-USD"}, {"trade_id": 848766739, "side": "buy", "size": "0.13278237", "price": "121565.91000000", "time": "2025-07-14T14:23:00.396486Z", "fetched_at": "2025-07-14T14:23:29.214270+00:00", "symbol": "BTC-USD"}, {"trade_id": 848766738, "side": "buy", "size": "0.14437980", "price": "121565.91000000", "time": "2025-07-14T14:23:00.396486Z", "fetched_at": "2025-07-14T14:23:29.214270+00:00", "symbol": "BTC-USD"}, {"trade_id": 848766737, "side": "buy", "size": "0.01923162", "price": "121565.91000000", "time": "2025-07-14T14:23:00.396387Z", "fetched_at": "2025-07-14T14:23:29.214270+00:00", "symbol": "BTC-USD"}, {"trade_id": 848766736, "side": "buy", "size": "0.00415625", "price": "121565.91000000", "time": "2025-07-14T14:23:00.396228Z", "fetched_at": "2025-07-14T14:23:29.214270+00:00", "symbol": "BTC-USD"}, {"trade_id": 848766735, "side": "buy", "size": "0.03861714", "price": "121565.92000000", "time": "2025-07-14T14:23:00.396228Z", "fetched_at": "2025-07-14T14:23:29.214270+00:00", "symbol": "BTC-USD"}, {"trade_id": 848766734, "side": "buy", "size": "0.01462429", "price": "121565.92000000", "time": "2025-07-14T14:23:00.395894Z", "fetched_at": "2025-07-14T14:23:29.214270+00:00", "symbol": "BTC-USD"}, {"trade_id": 848766733, "side": "buy", "size": "0.00822584", "price": "121568.16000000", "time": "2025-07-14T14:23:00.395707Z", "fetched_at": "2025-07-14T14:23:29.214270+00:00", "symbol": "BTC-USD"}, {"trade_id": 848766732, "side": "buy", "size": "0.00531895", "price": "121569.98000000", "time": "2025-07-14T14:23:00.395625Z", "fetched_at": "2025-07-14T14:23:29.214270+00:00", "symbol": "BTC-USD"}, {"trade_id": 848766731, "side": "buy", "size": "0.03500000", "price": "121569.98000000", "time": "2025-07-14T14:23:00.395625Z", "fetched_at": "2025-07-14T14:23:29.214270+00:00", "symbol": "BTC-USD"}, {"trade_id": 848766730, "side": "buy", "size": "0.01000000", "price": "121569.98000000", "time": "2025-07-14T14:23:00.395625Z", "fetched_at": "2025-07-14T14:23:29.214270+00:00", "symbol": "BTC-USD"}, {"trade_id": 848766729, "side": "buy", "size": "0.00822423", "price": "121569.98000000", "time": "2025-07-14T14:23:00.395625Z", "fetched_at": "2025-07-14T14:23:29.214270+00:00", "symbol": "BTC-USD"}, {"trade_id": 848766728, "side": "buy", "size": "0.00500000", "price": "121569.98000000", "time": "2025-07-14T14:23:00.360838Z", "fetched_at": "2025-07-14T14:23:29.214270+00:00", "symbol": "BTC-USD"}, {"trade_id": 848766727, "side": "sell", "size": "0.00019982", "price": "121569.95000000", "time": "2025-07-14T14:22:59.169336Z", "fetched_at": "2025-07-14T14:23:29.214270+00:00", "symbol": "BTC-USD"}, {"trade_id": 848766726, "side": "sell", "size": "0.00011691", "price": "121565.92000000", "time": "2025-07-14T14:22:58.357962Z", "fetched_at": "2025-07-14T14:23:29.214270+00:00", "symbol": "BTC-USD"}, {"trade_id": 848766725, "side": "sell", "size": "0.00045589", "price": "121565.92000000", "time": "2025-07-14T14:22:57.673085Z", "fetched_at": "2025-07-14T14:23:29.214270+00:00", "symbol": "BTC-USD"}, {"trade_id": 848766724, "side": "sell", "size": "0.00202190", "price": "121565.92000000", "time": "2025-07-14T14:22:57.392498Z", "fetched_at": "2025-07-14T14:23:29.214270+00:00", "symbol": "BTC-USD"}, {"trade_id": 848766723, "side": "sell", "size": "0.00816470", "price": "121565.92000000", "time": "2025-07-14T14:22:57.305796Z", "fetched_at": "2025-07-14T14:23:29.214270+00:00", "symbol": "BTC-USD"}, {"trade_id": 848766722, "side": "sell", "size": "0.00015983", "price": "121565.92000000", "time": "2025-07-14T14:22:57.285088Z", "fetched_at": "2025-07-14T14:23:29.214270+00:00", "symbol": "BTC-USD"}, {"trade_id": 848766721, "side": "sell", "size": "0.00020628", "price": "121565.92000000", "time": "2025-07-14T14:22:56.997633Z", "fetched_at": "2025-07-14T14:23:29.214270+00:00", "symbol": "BTC-USD"}, {"trade_id": 848766720, "side": "sell", "size": "0.00411124", "price": "121565.92000000", "time": "2025-07-14T14:22:56.046936Z", "fetched_at": "2025-07-14T14:23:29.214270+00:00", "symbol": "BTC-USD"}, {"trade_id": 848766719, "side": "sell", "size": "0.00008140", "price": "121565.92000000", "time": "2025-07-14T14:22:55.527091Z", "fetched_at": "2025-07-14T14:23:29.214270+00:00", "symbol": "BTC-USD"}, {"trade_id": 848766718, "side": "sell", "size": "0.00001210", "price": "121565.92000000", "time": "2025-07-14T14:22:55.340580Z", "fetched_at": "2025-07-14T14:23:29.214270+00:00", "symbol": "BTC-USD"}, {"trade_id": 848766717, "side": "sell", "size": "0.00000008", "price": "121565.92000000", "time": "2025-07-14T14:22:55.265669Z", "fetched_at": "2025-07-14T14:23:29.214270+00:00", "symbol": "BTC-USD"}, {"trade_id": 848766716, "side": "sell", "size": "0.00483304", "price": "121565.92000000", "time": "2025-07-14T14:22:55.241064Z", "fetched_at": "2025-07-14T14:23:29.214270+00:00", "symbol": "BTC-USD"}, {"trade_id": 848766715, "side": "sell", "size": "0.00056000", "price": "121565.92000000", "time": "2025-07-14T14:22:55.224133Z", "fetched_at": "2025-07-14T14:23:29.214270+00:00", "symbol": "BTC-USD"}, {"trade_id": 848766714, "side": "sell", "size": "0.00276837", "price": "121565.92000000", "time": "2025-07-14T14:22:54.998863Z", "fetched_at": "2025-07-14T14:23:29.214270+00:00", "symbol": "BTC-USD"}, {"trade_id": 848766713, "side": "sell", "size": "0.00247077", "price": "121565.92000000", "time": "2025-07-14T14:22:54.827120Z", "fetched_at": "2025-07-14T14:23:29.214270+00:00", "symbol": "BTC-USD"}, {"trade_id": 848766712, "side": "sell", "size": "0.03256170", "price": "121565.92000000", "time": "2025-07-14T14:22:54.756193Z", "fetched_at": "2025-07-14T14:23:29.214270+00:00", "symbol": "BTC-USD"}, {"trade_id": 848766711, "side": "sell", "size": "0.00002800", "price": "121565.92000000", "time": "2025-07-14T14:22:54.559883Z", "fetched_at": "2025-07-14T14:23:29.214270+00:00", "symbol": "BTC-USD"}, {"trade_id": 848766710, "side": "sell", "size": "0.00025673", "price": "121566.55000000", "time": "2025-07-14T14:22:54.493930Z", "fetched_at": "2025-07-14T14:23:29.214270+00:00", "symbol": "BTC-USD"}, {"trade_id": 848766709, "side": "sell", "size": "0.00569890", "price": "121566.55000000", "time": "2025-07-14T14:22:54.480008Z", "fetched_at": "2025-07-14T14:23:29.214270+00:00", "symbol": "BTC-USD"}, {"trade_id": 848766708, "side": "sell", "size": "0.00444000", "price": "121566.55000000", "time": "2025-07-14T14:22:54.480008Z", "fetched_at": "2025-07-14T14:23:29.214270+00:00", "symbol": "BTC-USD"}, {"trade_id": 848766707, "side": "sell", "size": "0.00000896", "price": "121567.39000000", "time": "2025-07-14T14:22:54.340018Z", "fetched_at": "2025-07-14T14:23:29.214270+00:00", "symbol": "BTC-USD"}, {"trade_id": 848766706, "side": "sell", "size": "0.00015983", "price": "121567.39000000", "time": "2025-07-14T14:22:54.125587Z", "fetched_at": "2025-07-14T14:23:29.214270+00:00", "symbol": "BTC-USD"}, {"trade_id": 848766705, "side": "sell", "size": "0.00299000", "price": "121567.39000000", "time": "2025-07-14T14:22:54.107897Z", "fetched_at": "2025-07-14T14:23:29.214270+00:00", "symbol": "BTC-USD"}, {"trade_id": 848766704, "side": "sell", "size": "0.00491532", "price": "121572.82000000", "time": "2025-07-14T14:22:53.384297Z", "fetched_at": "2025-07-14T14:23:29.214270+00:00", "symbol": "BTC-USD"}, {"trade_id": 848766703, "side": "buy", "size": "0.00050573", "price": "121567.37000000", "time": "2025-07-14T14:22:53.330039Z", "fetched_at": "2025-07-14T14:23:29.214270+00:00", "symbol": "BTC-USD"}, {"trade_id": 848766702, "side": "sell", "size": "0.00000585", "price": "121565.91000000", "time": "2025-07-14T14:22:53.147572Z", "fetched_at": "2025-07-14T14:23:29.214270+00:00", "symbol": "BTC-USD"}, {"trade_id": 848766701, "side": "sell", "size": "0.00000164", "price": "121565.91000000", "time": "2025-07-14T14:22:53.147572Z", "fetched_at": "2025-07-14T14:23:29.214270+00:00", "symbol": "BTC-USD"}, {"trade_id": 848766700, "side": "sell", "size": "0.03007028", "price": "121565.90000000", "time": "2025-07-14T14:22:53.147572Z", "fetched_at": "2025-07-14T14:23:29.214270+00:00", "symbol": "BTC-USD"}, {"trade_id": 848766699, "side": "sell", "size": "0.00407297", "price": "121572.98000000", "time": "2025-07-14T14:22:52.879787Z", "fetched_at": "2025-07-14T14:23:29.214270+00:00", "symbol": "BTC-USD"}, {"trade_id": 848766698, "side": "sell", "size": "0.00000664", "price": "121568.56000000", "time": "2025-07-14T14:22:52.879787Z", "fetched_at": "2025-07-14T14:23:29.214270+00:00", "symbol": "BTC-USD"}, {"trade_id": 848766697, "side": "sell", "size": "0.00000213", "price": "121568.56000000", "time": "2025-07-14T14:22:52.879787Z", "fetched_at": "2025-07-14T14:23:29.214270+00:00", "symbol": "BTC-USD"}, {"trade_id": 848766696, "side": "sell", "size": "0.00003101", "price": "121560.83000000", "time": "2025-07-14T14:22:52.879787Z", "fetched_at": "2025-07-14T14:23:29.214270+00:00", "symbol": "BTC-USD"}, {"trade_id": 848766695, "side": "buy", "size": "0.00241096", "price": "121565.37000000", "time": "2025-07-14T14:22:52.667769Z", "fetched_at": "2025-07-14T14:23:29.214270+00:00", "symbol": "BTC-USD"}, {"trade_id": 848766694, "side": "buy", "size": "0.00093561", "price": "121565.71000000", "time": "2025-07-14T14:22:52.667769Z", "fetched_at": "2025-07-14T14:23:29.214270+00:00", "symbol": "BTC-USD"}, {"trade_id": 848766693, "side": "buy", "size": "0.00822593", "price": "121566.73000000", "time": "2025-07-14T14:22:52.667769Z", "fetched_at": "2025-07-14T14:23:29.214270+00:00", "symbol": "BTC-USD"}, {"trade_id": 848766692, "side": "buy", "size": "0.00822456", "price": "121567.66000000", "time": "2025-07-14T14:22:52.667769Z", "fetched_at": "2025-07-14T14:23:29.214270+00:00", "symbol": "BTC-USD"}, {"trade_id": 848766691, "side": "buy", "size": "0.00306404", "price": "121567.96000000", "time": "2025-07-14T14:22:52.667769Z", "fetched_at": "2025-07-14T14:23:29.214270+00:00", "symbol": "BTC-USD"}, {"trade_id": 848766690, "side": "buy", "size": "0.00000115", "price": "121567.96000000", "time": "2025-07-14T14:22:52.667769Z", "fetched_at": "2025-07-14T14:23:29.214270+00:00", "symbol": "BTC-USD"}, {"trade_id": 848766689, "side": "buy", "size": "0.00080390", "price": "121568.55000000", "time": "2025-07-14T14:22:52.667769Z", "fetched_at": "2025-07-14T14:23:29.214270+00:00", "symbol": "BTC-USD"}, {"trade_id": 848766688, "side": "sell", "size": "0.00007996", "price": "121568.56000000", "time": "2025-07-14T14:22:52.072692Z", "fetched_at": "2025-07-14T14:23:29.214270+00:00", "symbol": "BTC-USD"}, {"trade_id": 848766687, "side": "sell", "size": "0.00013031", "price": "121568.56000000", "time": "2025-07-14T14:22:51.974790Z", "fetched_at": "2025-07-14T14:23:29.214270+00:00", "symbol": "BTC-USD"}, {"trade_id": 848766686, "side": "sell", "size": "0.00100000", "price": "121568.56000000", "time": "2025-07-14T14:22:51.798496Z", "fetched_at": "2025-07-14T14:23:29.214270+00:00", "symbol": "BTC-USD"}, {"trade_id": 848766685, "side": "sell", "size": "0.02433729", "price": "121581.84000000", "time": "2025-07-14T14:22:51.564727Z", "fetched_at": "2025-07-14T14:23:29.214270+00:00", "symbol": "BTC-USD"}, {"trade_id": 848766684, "side": "sell", "size": "0.09465393", "price": "121580.79000000", "time": "2025-07-14T14:22:51.564727Z", "fetched_at": "2025-07-14T14:23:29.214270+00:00", "symbol": "BTC-USD"}, {"trade_id": 848766683, "side": "sell", "size": "0.00039531", "price": "121578.97000000", "time": "2025-07-14T14:22:51.564727Z", "fetched_at": "2025-07-14T14:23:29.214270+00:00", "symbol": "BTC-USD"}, {"trade_id": 848766682, "side": "sell", "size": "0.03904238", "price": "121574.99000000", "time": "2025-07-14T14:22:51.564727Z", "fetched_at": "2025-07-14T14:23:29.214270+00:00", "symbol": "BTC-USD"}, {"trade_id": 848766681, "side": "sell", "size": "0.00822552", "price": "121572.75000000", "time": "2025-07-14T14:22:51.564727Z", "fetched_at": "2025-07-14T14:23:29.214270+00:00", "symbol": "BTC-USD"}, {"trade_id": 848766680, "side": "sell", "size": "0.04238023", "price": "121571.99000000", "time": "2025-07-14T14:22:51.564727Z", "fetched_at": "2025-07-14T14:23:29.214270+00:00", "symbol": "BTC-USD"}, {"trade_id": 848766679, "side": "sell", "size": "0.00822569", "price": "121570.38000000", "time": "2025-07-14T14:22:51.564727Z", "fetched_at": "2025-07-14T14:23:29.214270+00:00", "symbol": "BTC-USD"}, {"trade_id": 848766678, "side": "sell", "size": "0.00003320", "price": "121569.90000000", "time": "2025-07-14T14:22:51.564727Z", "fetched_at": "2025-07-14T14:23:29.214270+00:00", "symbol": "BTC-USD"}, {"trade_id": 848766677, "side": "sell", "size": "0.00001028", "price": "121569.90000000", "time": "2025-07-14T14:22:51.564727Z", "fetched_at": "2025-07-14T14:23:29.214270+00:00", "symbol": "BTC-USD"}, {"trade_id": 848766676, "side": "sell", "size": "0.00020012", "price": "121568.88000000", "time": "2025-07-14T14:22:51.564727Z", "fetched_at": "2025-07-14T14:23:29.214270+00:00", "symbol": "BTC-USD"}, {"trade_id": 848766675, "side": "sell", "size": "0.00026683", "price": "121568.87000000", "time": "2025-07-14T14:22:51.564727Z", "fetched_at": "2025-07-14T14:23:29.214270+00:00", "symbol": "BTC-USD"}, {"trade_id": 848766674, "side": "sell", "size": "0.03500000", "price": "121568.56000000", "time": "2025-07-14T14:22:51.564727Z", "fetched_at": "2025-07-14T14:23:29.214270+00:00", "symbol": "BTC-USD"}, {"trade_id": 848766673, "side": "sell", "size": "0.02696311", "price": "121568.56000000", "time": "2025-07-14T14:22:51.564727Z", "fetched_at": "2025-07-14T14:23:29.214270+00:00", "symbol": "BTC-USD"}, {"trade_id": 848766672, "side": "buy", "size": "0.00034177", "price": "121569.86000000", "time": "2025-07-14T14:22:51.149008Z", "fetched_at": "2025-07-14T14:23:29.214270+00:00", "symbol": "BTC-USD"}, {"trade_id": 848766671, "side": "buy", "size": "0.00026996", "price": "121569.86000000", "time": "2025-07-14T14:22:51.149008Z", "fetched_at": "2025-07-14T14:23:29.214270+00:00", "symbol": "BTC-USD"}, {"trade_id": 848766670, "side": "buy", "size": "0.00094251", "price": "121569.86000000", "time": "2025-07-14T14:22:51.149008Z", "fetched_at": "2025-07-14T14:23:29.214270+00:00", "symbol": "BTC-USD"}, {"trade_id": 848766669, "side": "buy", "size": "0.07702220", "price": "121569.87000000", "time": "2025-07-14T14:22:51.149008Z", "fetched_at": "2025-07-14T14:23:29.214270+00:00", "symbol": "BTC-USD"}, {"trade_id": 848766668, "side": "buy", "size": "0.09525789", "price": "121569.87000000", "time": "2025-07-14T14:22:51.149008Z", "fetched_at": "2025-07-14T14:23:29.214270+00:00", "symbol": "BTC-USD"}, {"trade_id": 848766667, "side": "buy", "size": "0.00002819", "price": "121580.74000000", "time": "2025-07-14T14:22:51.046104Z", "fetched_at": "2025-07-14T14:23:29.214270+00:00", "symbol": "BTC-USD"}, {"trade_id": 848766666, "side": "buy", "size": "0.00822261", "price": "121582.44000000", "time": "2025-07-14T14:22:51.046104Z", "fetched_at": "2025-07-14T14:23:29.214270+00:00", "symbol": "BTC-USD"}, {"trade_id": 848766665, "side": "sell", "size": "0.00008141", "price": "121587.84000000", "time": "2025-07-14T14:22:50.396002Z", "fetched_at": "2025-07-14T14:23:29.214270+00:00", "symbol": "BTC-USD"}, {"trade_id": 848766664, "side": "sell", "size": "0.00019977", "price": "121587.84000000", "time": "2025-07-14T14:22:49.845467Z", "fetched_at": "2025-07-14T14:23:29.214270+00:00", "symbol": "BTC-USD"}, {"trade_id": 848766663, "side": "sell", "size": "0.00079936", "price": "121587.84000000", "time": "2025-07-14T14:22:49.244034Z", "fetched_at": "2025-07-14T14:23:29.214270+00:00", "symbol": "BTC-USD"}, {"trade_id": 848766662, "side": "sell", "size": "0.00038993", "price": "121587.84000000", "time": "2025-07-14T14:22:49.029213Z", "fetched_at": "2025-07-14T14:23:29.214270+00:00", "symbol": "BTC-USD"}, {"trade_id": 848766661, "side": "sell", "size": "0.00026863", "price": "121587.84000000", "time": "2025-07-14T14:22:49.017467Z", "fetched_at": "2025-07-14T14:23:29.214270+00:00", "symbol": "BTC-USD"}, {"trade_id": 848766660, "side": "sell", "size": "0.01598120", "price": "121587.84000000", "time": "2025-07-14T14:22:48.505536Z", "fetched_at": "2025-07-14T14:23:29.214270+00:00", "symbol": "BTC-USD"}, {"trade_id": 848766659, "side": "sell", "size": "0.00008141", "price": "121587.84000000", "time": "2025-07-14T14:22:48.007262Z", "fetched_at": "2025-07-14T14:23:29.214270+00:00", "symbol": "BTC-USD"}, {"trade_id": 848766658, "side": "sell", "size": "0.00077993", "price": "121587.84000000", "time": "2025-07-14T14:22:47.391526Z", "fetched_at": "2025-07-14T14:23:29.214270+00:00", "symbol": "BTC-USD"}, {"trade_id": 848766657, "side": "sell", "size": "0.00007937", "price": "121587.84000000", "time": "2025-07-14T14:22:47.357767Z", "fetched_at": "2025-07-14T14:23:29.214270+00:00", "symbol": "BTC-USD"}, {"trade_id": 848766656, "side": "sell", "size": "0.00114365", "price": "121587.84000000", "time": "2025-07-14T14:22:47.257124Z", "fetched_at": "2025-07-14T14:23:29.214270+00:00", "symbol": "BTC-USD"}, {"trade_id": 848766655, "side": "sell", "size": "0.00407072", "price": "121586.35000000", "time": "2025-07-14T14:22:47.226577Z", "fetched_at": "2025-07-14T14:23:29.214270+00:00", "symbol": "BTC-USD"}, {"trade_id": 848766654, "side": "sell", "size": "0.00000398", "price": "121586.35000000", "time": "2025-07-14T14:22:47.197587Z", "fetched_at": "2025-07-14T14:23:29.214270+00:00", "symbol": "BTC-USD"}, {"trade_id": 848766653, "side": "sell", "size": "0.00075781", "price": "121587.84000000", "time": "2025-07-14T14:22:47.036421Z", "fetched_at": "2025-07-14T14:23:29.214270+00:00", "symbol": "BTC-USD"}, {"trade_id": 848766652, "side": "sell", "size": "0.00202872", "price": "121587.84000000", "time": "2025-07-14T14:22:46.996640Z", "fetched_at": "2025-07-14T14:23:29.214270+00:00", "symbol": "BTC-USD"}, {"trade_id": 848766651, "side": "buy", "size": "0.00664574", "price": "121581.17000000", "time": "2025-07-14T14:22:46.813426Z", "fetched_at": "2025-07-14T14:23:29.214270+00:00", "symbol": "BTC-USD"}, {"trade_id": 848766650, "side": "sell", "size": "0.00081417", "price": "121587.84000000", "time": "2025-07-14T14:22:46.245417Z", "fetched_at": "2025-07-14T14:23:29.214270+00:00", "symbol": "BTC-USD"}, {"trade_id": 848766649, "side": "sell", "size": "0.00007938", "price": "121587.84000000", "time": "2025-07-14T14:22:45.856437Z", "fetched_at": "2025-07-14T14:23:29.214270+00:00", "symbol": "BTC-USD"}, {"trade_id": 848766648, "side": "sell", "size": "0.00162865", "price": "121587.84000000", "time": "2025-07-14T14:22:45.854169Z", "fetched_at": "2025-07-14T14:23:29.214270+00:00", "symbol": "BTC-USD"}, {"trade_id": 848766647, "side": "sell", "size": "0.00011983", "price": "121587.84000000", "time": "2025-07-14T14:22:45.649665Z", "fetched_at": "2025-07-14T14:23:29.214270+00:00", "symbol": "BTC-USD"}, {"trade_id": 848766646, "side": "sell", "size": "0.00003867", "price": "121587.84000000", "time": "2025-07-14T14:22:45.278100Z", "fetched_at": "2025-07-14T14:23:29.214270+00:00", "symbol": "BTC-USD"}, {"trade_id": 848766645, "side": "sell", "size": "0.00598529", "price": "121587.84000000", "time": "2025-07-14T14:22:45.042199Z", "fetched_at": "2025-07-14T14:23:29.214270+00:00", "symbol": "BTC-USD"}, {"trade_id": 848766644, "side": "sell", "size": "0.01000000", "price": "121587.83000000", "time": "2025-07-14T14:22:45.042199Z", "fetched_at": "2025-07-14T14:23:29.214270+00:00", "symbol": "BTC-USD"}, {"trade_id": 848766643, "side": "buy", "size": "0.02076220", "price": "121580.87000000", "time": "2025-07-14T14:22:44.827167Z", "fetched_at": "2025-07-14T14:23:29.214270+00:00", "symbol": "BTC-USD"}, {"trade_id": 848766642, "side": "sell", "size": "0.00088120", "price": "121587.83000000", "time": "2025-07-14T14:22:44.786781Z", "fetched_at": "2025-07-14T14:23:29.214270+00:00", "symbol": "BTC-USD"}, {"trade_id": 848766641, "side": "sell", "size": "0.00038999", "price": "121586.60000000", "time": "2025-07-14T14:22:44.513594Z", "fetched_at": "2025-07-14T14:23:29.214270+00:00", "symbol": "BTC-USD"}, {"trade_id": 848766640, "side": "sell", "size": "0.00004071", "price": "121587.82000000", "time": "2025-07-14T14:22:44.269848Z", "fetched_at": "2025-07-14T14:23:29.214270+00:00", "symbol": "BTC-USD"}, {"trade_id": 848766639, "side": "buy", "size": "0.01924646", "price": "121573.91000000", "time": "2025-07-14T14:22:44.177434Z", "fetched_at": "2025-07-14T14:23:29.214270+00:00", "symbol": "BTC-USD"}, {"trade_id": 848766638, "side": "sell", "size": "0.00024421", "price": "121587.80000000", "time": "2025-07-14T14:22:44.139062Z", "fetched_at": "2025-07-14T14:23:29.214270+00:00", "symbol": "BTC-USD"}, {"trade_id": 848766637, "side": "buy", "size": "0.00232453", "price": "121573.72000000", "time": "2025-07-14T14:22:44.018286Z", "fetched_at": "2025-07-14T14:23:29.214270+00:00", "symbol": "BTC-USD"}, {"trade_id": 848766636, "side": "sell", "size": "0.00159813", "price": "121587.84000000", "time": "2025-07-14T14:22:43.550608Z", "fetched_at": "2025-07-14T14:23:29.214270+00:00", "symbol": "BTC-USD"}, {"trade_id": 848766635, "side": "sell", "size": "0.00000201", "price": "121587.84000000", "time": "2025-07-14T14:22:42.685995Z", "fetched_at": "2025-07-14T14:23:29.214270+00:00", "symbol": "BTC-USD"}, {"trade_id": 848766634, "side": "buy", "size": "0.00514902", "price": "121587.83000000", "time": "2025-07-14T14:22:42.241803Z", "fetched_at": "2025-07-14T14:23:29.214270+00:00", "symbol": "BTC-USD"}, {"trade_id": 848766633, "side": "sell", "size": "0.07519894", "price": "121587.84000000", "time": "2025-07-14T14:22:42.089989Z", "fetched_at": "2025-07-14T14:23:29.214270+00:00", "symbol": "BTC-USD"}, {"trade_id": 848766632, "side": "sell", "size": "0.08674234", "price": "121587.84000000", "time": "2025-07-14T14:22:42.088599Z", "fetched_at": "2025-07-14T14:23:29.214270+00:00", "symbol": "BTC-USD"}, {"trade_id": 848766631, "side": "sell", "size": "0.05550037", "price": "121587.84000000", "time": "2025-07-14T14:22:42.087895Z", "fetched_at": "2025-07-14T14:23:29.214270+00:00", "symbol": "BTC-USD"}, {"trade_id": 848766630, "side": "sell", "size": "0.14408864", "price": "121587.84000000", "time": "2025-07-14T14:22:42.081780Z", "fetched_at": "2025-07-14T14:23:29.214270+00:00", "symbol": "BTC-USD"}, {"trade_id": 848766629, "side": "sell", "size": "0.11378548", "price": "121587.84000000", "time": "2025-07-14T14:22:42.081551Z", "fetched_at": "2025-07-14T14:23:29.214270+00:00", "symbol": "BTC-USD"}, {"trade_id": 848766628, "side": "sell", "size": "0.10705261", "price": "121587.84000000", "time": "2025-07-14T14:22:42.080498Z", "fetched_at": "2025-07-14T14:23:29.214270+00:00", "symbol": "BTC-USD"}, {"trade_id": 848766627, "side": "sell", "size": "0.00020271", "price": "121577.19000000", "time": "2025-07-14T14:22:41.721592Z", "fetched_at": "2025-07-14T14:23:29.214270+00:00", "symbol": "BTC-USD"}, {"trade_id": 848766626, "side": "sell", "size": "0.00037592", "price": "121579.29000000", "time": "2025-07-14T14:22:41.542487Z", "fetched_at": "2025-07-14T14:23:29.214270+00:00", "symbol": "BTC-USD"}, {"trade_id": 848766625, "side": "sell", "size": "0.00015589", "price": "121577.29000000", "time": "2025-07-14T14:22:41.134099Z", "fetched_at": "2025-07-14T14:23:29.214270+00:00", "symbol": "BTC-USD"}, {"trade_id": 848766624, "side": "sell", "size": "0.00000611", "price": "121577.29000000", "time": "2025-07-14T14:22:41.133018Z", "fetched_at": "2025-07-14T14:23:29.214270+00:00", "symbol": "BTC-USD"}, {"trade_id": 848766623, "side": "sell", "size": "0.00000005", "price": "121577.53000000", "time": "2025-07-14T14:22:40.996318Z", "fetched_at": "2025-07-14T14:23:29.214270+00:00", "symbol": "BTC-USD"}, {"trade_id": 848766622, "side": "buy", "size": "0.00008109", "price": "121569.87000000", "time": "2025-07-14T14:22:40.620599Z", "fetched_at": "2025-07-14T14:23:29.214270+00:00", "symbol": "BTC-USD"}, {"trade_id": 848766621, "side": "buy", "size": "0.00665846", "price": "121569.87000000", "time": "2025-07-14T14:22:40.381559Z", "fetched_at": "2025-07-14T14:23:29.214270+00:00", "symbol": "BTC-USD"}, {"trade_id": 848766620, "side": "sell", "size": "0.00142897", "price": "121580.71000000", "time": "2025-07-14T14:22:40.224770Z", "fetched_at": "2025-07-14T14:23:29.214270+00:00", "symbol": "BTC-USD"}, {"trade_id": 848766619, "side": "sell", "size": "0.00000008", "price": "121580.83000000", "time": "2025-07-14T14:22:40.132089Z", "fetched_at": "2025-07-14T14:23:29.214270+00:00", "symbol": "BTC-USD"}, {"trade_id": 848766618, "side": "sell", "size": "0.00000024", "price": "121580.83000000", "time": "2025-07-14T14:22:40.108385Z", "fetched_at": "2025-07-14T14:23:29.214270+00:00", "symbol": "BTC-USD"}, {"trade_id": 848766617, "side": "sell", "size": "0.00040697", "price": "121579.59000000", "time": "2025-07-14T14:22:40.085810Z", "fetched_at": "2025-07-14T14:23:29.214270+00:00", "symbol": "BTC-USD"}, {"trade_id": 848766616, "side": "sell", "size": "0.00802660", "price": "121573.45000000", "time": "2025-07-14T14:22:39.347496Z", "fetched_at": "2025-07-14T14:23:29.214270+00:00", "symbol": "BTC-USD"}, {"trade_id": 848766615, "side": "sell", "size": "0.00019888", "price": "121573.45000000", "time": "2025-07-14T14:22:39.260154Z", "fetched_at": "2025-07-14T14:23:29.214270+00:00", "symbol": "BTC-USD"}, {"trade_id": 848766614, "side": "buy", "size": "0.00008019", "price": "121569.86000000", "time": "2025-07-14T14:22:39.074514Z", "fetched_at": "2025-07-14T14:23:29.214270+00:00", "symbol": "BTC-USD"}, {"trade_id": 848766613, "side": "buy", "size": "0.00822469", "price": "121570.54000000", "time": "2025-07-14T14:22:39.074514Z", "fetched_at": "2025-07-14T14:23:29.214270+00:00", "symbol": "BTC-USD"}, {"trade_id": 848766612, "side": "sell", "size": "0.00000451", "price": "121569.87000000", "time": "2025-07-14T14:22:38.963737Z", "fetched_at": "2025-07-14T14:23:29.214270+00:00", "symbol": "BTC-USD"}, {"trade_id": 848766611, "side": "sell", "size": "0.00040768", "price": "121569.93000000", "time": "2025-07-14T14:22:38.592839Z", "fetched_at": "2025-07-14T14:23:29.214270+00:00", "symbol": "BTC-USD"}, {"trade_id": 848766610, "side": "buy", "size": "0.00086580", "price": "121555.00000000", "time": "2025-07-14T14:22:37.315561Z", "fetched_at": "2025-07-14T14:23:29.214270+00:00", "symbol": "BTC-USD"}, {"trade_id": 848766609, "side": "buy", "size": "0.00935855", "price": "121555.00000000", "time": "2025-07-14T14:22:37.291880Z", "fetched_at": "2025-07-14T14:23:29.214270+00:00", "symbol": "BTC-USD"}, {"trade_id": 848766608, "side": "buy", "size": "0.00106992", "price": "121555.02000000", "time": "2025-07-14T14:22:37.291880Z", "fetched_at": "2025-07-14T14:23:29.214270+00:00", "symbol": "BTC-USD"}