[{"trade_id": 848967614, "side": "buy", "size": "0.00008417", "price": "119932.99000000", "time": "2025-07-14T19:10:49.268657Z", "fetched_at": "2025-07-14T19:10:50.418883+00:00", "symbol": "BTC-USD"}, {"trade_id": 848967613, "side": "sell", "size": "0.00019763", "price": "119933.00000000", "time": "2025-07-14T19:10:48.433155Z", "fetched_at": "2025-07-14T19:10:50.418883+00:00", "symbol": "BTC-USD"}, {"trade_id": 848967612, "side": "buy", "size": "0.00013921", "price": "119932.99000000", "time": "2025-07-14T19:10:48.181572Z", "fetched_at": "2025-07-14T19:10:50.418883+00:00", "symbol": "BTC-USD"}, {"trade_id": 848967611, "side": "buy", "size": "0.00002923", "price": "119932.99000000", "time": "2025-07-14T19:10:48.181572Z", "fetched_at": "2025-07-14T19:10:50.418883+00:00", "symbol": "BTC-USD"}, {"trade_id": 848967610, "side": "buy", "size": "0.00001000", "price": "119933.15000000", "time": "2025-07-14T19:10:47.681912Z", "fetched_at": "2025-07-14T19:10:50.418883+00:00", "symbol": "BTC-USD"}, {"trade_id": 848967609, "side": "buy", "size": "0.07000000", "price": "119933.17000000", "time": "2025-07-14T19:10:47.681912Z", "fetched_at": "2025-07-14T19:10:50.418883+00:00", "symbol": "BTC-USD"}, {"trade_id": 848967608, "side": "buy", "size": "0.00441000", "price": "119933.17000000", "time": "2025-07-14T19:10:47.681912Z", "fetched_at": "2025-07-14T19:10:50.418883+00:00", "symbol": "BTC-USD"}, {"trade_id": 848967607, "side": "buy", "size": "0.00833797", "price": "119933.17000000", "time": "2025-07-14T19:10:47.681912Z", "fetched_at": "2025-07-14T19:10:50.418883+00:00", "symbol": "BTC-USD"}, {"trade_id": 848967606, "side": "buy", "size": "0.00000450", "price": "119933.17000000", "time": "2025-07-14T19:10:47.681912Z", "fetched_at": "2025-07-14T19:10:50.418883+00:00", "symbol": "BTC-USD"}, {"trade_id": 848967605, "side": "buy", "size": "0.00002654", "price": "119933.17000000", "time": "2025-07-14T19:10:47.681912Z", "fetched_at": "2025-07-14T19:10:50.418883+00:00", "symbol": "BTC-USD"}, {"trade_id": 848967604, "side": "buy", "size": "0.00360750", "price": "119933.17000000", "time": "2025-07-14T19:10:47.681912Z", "fetched_at": "2025-07-14T19:10:50.418883+00:00", "symbol": "BTC-USD"}, {"trade_id": 848967603, "side": "buy", "size": "0.02605308", "price": "119933.17000000", "time": "2025-07-14T19:10:47.681912Z", "fetched_at": "2025-07-14T19:10:50.418883+00:00", "symbol": "BTC-USD"}, {"trade_id": 848967602, "side": "buy", "size": "0.01404685", "price": "119933.17000000", "time": "2025-07-14T19:10:47.681912Z", "fetched_at": "2025-07-14T19:10:50.418883+00:00", "symbol": "BTC-USD"}, {"trade_id": 848967601, "side": "sell", "size": "0.00028705", "price": "119933.18000000", "time": "2025-07-14T19:10:47.615410Z", "fetched_at": "2025-07-14T19:10:50.418883+00:00", "symbol": "BTC-USD"}, {"trade_id": 848967600, "side": "sell", "size": "0.00060264", "price": "119933.18000000", "time": "2025-07-14T19:10:47.598278Z", "fetched_at": "2025-07-14T19:10:50.418883+00:00", "symbol": "BTC-USD"}, {"trade_id": 848967599, "side": "buy", "size": "0.00023941", "price": "119933.17000000", "time": "2025-07-14T19:10:47.521539Z", "fetched_at": "2025-07-14T19:10:50.418883+00:00", "symbol": "BTC-USD"}, {"trade_id": 848967598, "side": "sell", "size": "0.00595880", "price": "119933.18000000", "time": "2025-07-14T19:10:47.369389Z", "fetched_at": "2025-07-14T19:10:50.418883+00:00", "symbol": "BTC-USD"}, {"trade_id": 848967597, "side": "sell", "size": "0.00825075", "price": "119933.18000000", "time": "2025-07-14T19:10:47.117845Z", "fetched_at": "2025-07-14T19:10:50.418883+00:00", "symbol": "BTC-USD"}, {"trade_id": 848967596, "side": "sell", "size": "0.00040952", "price": "119933.18000000", "time": "2025-07-14T19:10:46.744866Z", "fetched_at": "2025-07-14T19:10:50.418883+00:00", "symbol": "BTC-USD"}, {"trade_id": 848967595, "side": "sell", "size": "0.00000099", "price": "119933.18000000", "time": "2025-07-14T19:10:46.615399Z", "fetched_at": "2025-07-14T19:10:50.418883+00:00", "symbol": "BTC-USD"}, {"trade_id": 848967594, "side": "buy", "size": "0.00593530", "price": "119933.17000000", "time": "2025-07-14T19:10:46.593823Z", "fetched_at": "2025-07-14T19:10:50.418883+00:00", "symbol": "BTC-USD"}, {"trade_id": 848967593, "side": "buy", "size": "0.00305508", "price": "119933.17000000", "time": "2025-07-14T19:10:46.190995Z", "fetched_at": "2025-07-14T19:10:50.418883+00:00", "symbol": "BTC-USD"}, {"trade_id": 848967592, "side": "buy", "size": "0.00001779", "price": "119933.17000000", "time": "2025-07-14T19:10:46.190995Z", "fetched_at": "2025-07-14T19:10:50.418883+00:00", "symbol": "BTC-USD"}, {"trade_id": 848967591, "side": "sell", "size": "0.02722805", "price": "119933.18000000", "time": "2025-07-14T19:10:46.077301Z", "fetched_at": "2025-07-14T19:10:50.418883+00:00", "symbol": "BTC-USD"}, {"trade_id": 848967590, "side": "sell", "size": "0.00000099", "price": "119933.18000000", "time": "2025-07-14T19:10:46.038545Z", "fetched_at": "2025-07-14T19:10:50.418883+00:00", "symbol": "BTC-USD"}, {"trade_id": 848967589, "side": "sell", "size": "0.00000008", "price": "119933.18000000", "time": "2025-07-14T19:10:45.989369Z", "fetched_at": "2025-07-14T19:10:50.418883+00:00", "symbol": "BTC-USD"}, {"trade_id": 848967588, "side": "sell", "size": "0.00000166", "price": "119933.18000000", "time": "2025-07-14T19:10:45.965217Z", "fetched_at": "2025-07-14T19:10:50.418883+00:00", "symbol": "BTC-USD"}, {"trade_id": 848967587, "side": "sell", "size": "0.00412556", "price": "119933.18000000", "time": "2025-07-14T19:10:45.948114Z", "fetched_at": "2025-07-14T19:10:50.418883+00:00", "symbol": "BTC-USD"}, {"trade_id": 848967586, "side": "sell", "size": "0.00404935", "price": "119933.18000000", "time": "2025-07-14T19:10:45.929117Z", "fetched_at": "2025-07-14T19:10:50.418883+00:00", "symbol": "BTC-USD"}, {"trade_id": 848967585, "side": "sell", "size": "0.00016863", "price": "119933.18000000", "time": "2025-07-14T19:10:45.855321Z", "fetched_at": "2025-07-14T19:10:50.418883+00:00", "symbol": "BTC-USD"}, {"trade_id": 848967584, "side": "sell", "size": "0.00000825", "price": "119933.18000000", "time": "2025-07-14T19:10:45.782346Z", "fetched_at": "2025-07-14T19:10:50.418883+00:00", "symbol": "BTC-USD"}, {"trade_id": 848967583, "side": "sell", "size": "0.00000099", "price": "119933.18000000", "time": "2025-07-14T19:10:45.757222Z", "fetched_at": "2025-07-14T19:10:50.418883+00:00", "symbol": "BTC-USD"}, {"trade_id": 848967582, "side": "sell", "size": "0.00020627", "price": "119933.18000000", "time": "2025-07-14T19:10:45.752192Z", "fetched_at": "2025-07-14T19:10:50.418883+00:00", "symbol": "BTC-USD"}, {"trade_id": 848967581, "side": "sell", "size": "0.00000099", "price": "119933.18000000", "time": "2025-07-14T19:10:45.365494Z", "fetched_at": "2025-07-14T19:10:50.418883+00:00", "symbol": "BTC-USD"}, {"trade_id": 848967580, "side": "sell", "size": "0.05822794", "price": "119933.18000000", "time": "2025-07-14T19:10:45.248865Z", "fetched_at": "2025-07-14T19:10:50.418883+00:00", "symbol": "BTC-USD"}, {"trade_id": 848967579, "side": "sell", "size": "0.15011797", "price": "119933.18000000", "time": "2025-07-14T19:10:45.236770Z", "fetched_at": "2025-07-14T19:10:50.418883+00:00", "symbol": "BTC-USD"}, {"trade_id": 848967578, "side": "sell", "size": "0.00001268", "price": "119933.18000000", "time": "2025-07-14T19:10:45.127378Z", "fetched_at": "2025-07-14T19:10:50.418883+00:00", "symbol": "BTC-USD"}, {"trade_id": 848967577, "side": "sell", "size": "0.00000099", "price": "119933.18000000", "time": "2025-07-14T19:10:45.079012Z", "fetched_at": "2025-07-14T19:10:50.418883+00:00", "symbol": "BTC-USD"}, {"trade_id": 848967576, "side": "sell", "size": "0.00003919", "price": "119933.18000000", "time": "2025-07-14T19:10:44.794101Z", "fetched_at": "2025-07-14T19:10:50.418883+00:00", "symbol": "BTC-USD"}, {"trade_id": 848967575, "side": "sell", "size": "0.00080989", "price": "119933.18000000", "time": "2025-07-14T19:10:44.788393Z", "fetched_at": "2025-07-14T19:10:50.418883+00:00", "symbol": "BTC-USD"}, {"trade_id": 848967574, "side": "sell", "size": "0.00000569", "price": "119933.18000000", "time": "2025-07-14T19:10:44.760137Z", "fetched_at": "2025-07-14T19:10:50.418883+00:00", "symbol": "BTC-USD"}, {"trade_id": 848967573, "side": "sell", "size": "0.00000099", "price": "119933.18000000", "time": "2025-07-14T19:10:44.724375Z", "fetched_at": "2025-07-14T19:10:50.418883+00:00", "symbol": "BTC-USD"}, {"trade_id": 848967572, "side": "buy", "size": "0.00397177", "price": "119932.94000000", "time": "2025-07-14T19:10:44.497633Z", "fetched_at": "2025-07-14T19:10:50.418883+00:00", "symbol": "BTC-USD"}, {"trade_id": 848967571, "side": "buy", "size": "0.00000108", "price": "119933.17000000", "time": "2025-07-14T19:10:44.497633Z", "fetched_at": "2025-07-14T19:10:50.418883+00:00", "symbol": "BTC-USD"}, {"trade_id": 848967570, "side": "buy", "size": "0.00002715", "price": "119933.17000000", "time": "2025-07-14T19:10:44.497633Z", "fetched_at": "2025-07-14T19:10:50.418883+00:00", "symbol": "BTC-USD"}, {"trade_id": 848967569, "side": "sell", "size": "0.00394184", "price": "119933.18000000", "time": "2025-07-14T19:10:44.405332Z", "fetched_at": "2025-07-14T19:10:50.418883+00:00", "symbol": "BTC-USD"}, {"trade_id": 848967568, "side": "sell", "size": "0.00000099", "price": "119933.18000000", "time": "2025-07-14T19:10:44.299567Z", "fetched_at": "2025-07-14T19:10:50.418883+00:00", "symbol": "BTC-USD"}, {"trade_id": 848967567, "side": "sell", "size": "0.00000099", "price": "119933.18000000", "time": "2025-07-14T19:10:43.912479Z", "fetched_at": "2025-07-14T19:10:50.418883+00:00", "symbol": "BTC-USD"}, {"trade_id": 848967566, "side": "sell", "size": "0.00121484", "price": "119933.18000000", "time": "2025-07-14T19:10:43.910610Z", "fetched_at": "2025-07-14T19:10:50.418883+00:00", "symbol": "BTC-USD"}, {"trade_id": 848967565, "side": "sell", "size": "0.00000099", "price": "119933.18000000", "time": "2025-07-14T19:10:43.679566Z", "fetched_at": "2025-07-14T19:10:50.418883+00:00", "symbol": "BTC-USD"}, {"trade_id": 848967564, "side": "sell", "size": "0.00121484", "price": "119932.95000000", "time": "2025-07-14T19:10:43.549895Z", "fetched_at": "2025-07-14T19:10:50.418883+00:00", "symbol": "BTC-USD"}, {"trade_id": 848967563, "side": "sell", "size": "0.00178168", "price": "119933.18000000", "time": "2025-07-14T19:10:43.360883Z", "fetched_at": "2025-07-14T19:10:50.418883+00:00", "symbol": "BTC-USD"}, {"trade_id": 848967562, "side": "buy", "size": "0.00002711", "price": "119933.40000000", "time": "2025-07-14T19:10:43.360803Z", "fetched_at": "2025-07-14T19:10:50.418883+00:00", "symbol": "BTC-USD"}, {"trade_id": 848967561, "side": "sell", "size": "0.00008044", "price": "119933.41000000", "time": "2025-07-14T19:10:43.345708Z", "fetched_at": "2025-07-14T19:10:50.418883+00:00", "symbol": "BTC-USD"}, {"trade_id": 848967560, "side": "buy", "size": "0.00018065", "price": "119932.94000000", "time": "2025-07-14T19:10:43.298776Z", "fetched_at": "2025-07-14T19:10:50.418883+00:00", "symbol": "BTC-USD"}, {"trade_id": 848967559, "side": "buy", "size": "0.00002773", "price": "119933.41000000", "time": "2025-07-14T19:10:43.298776Z", "fetched_at": "2025-07-14T19:10:50.418883+00:00", "symbol": "BTC-USD"}, {"trade_id": 848967558, "side": "sell", "size": "0.00020247", "price": "119933.42000000", "time": "2025-07-14T19:10:43.109690Z", "fetched_at": "2025-07-14T19:10:50.418883+00:00", "symbol": "BTC-USD"}, {"trade_id": 848967557, "side": "buy", "size": "0.00034581", "price": "119932.94000000", "time": "2025-07-14T19:10:42.833745Z", "fetched_at": "2025-07-14T19:10:50.418883+00:00", "symbol": "BTC-USD"}, {"trade_id": 848967556, "side": "buy", "size": "0.00002773", "price": "119933.41000000", "time": "2025-07-14T19:10:42.833745Z", "fetched_at": "2025-07-14T19:10:50.418883+00:00", "symbol": "BTC-USD"}, {"trade_id": 848967555, "side": "sell", "size": "0.00000099", "price": "119933.42000000", "time": "2025-07-14T19:10:42.802304Z", "fetched_at": "2025-07-14T19:10:50.418883+00:00", "symbol": "BTC-USD"}, {"trade_id": 848967554, "side": "buy", "size": "0.02397547", "price": "119932.94000000", "time": "2025-07-14T19:10:42.780078Z", "fetched_at": "2025-07-14T19:10:50.418883+00:00", "symbol": "BTC-USD"}, {"trade_id": 848967553, "side": "buy", "size": "0.00002773", "price": "119933.41000000", "time": "2025-07-14T19:10:42.780078Z", "fetched_at": "2025-07-14T19:10:50.418883+00:00", "symbol": "BTC-USD"}, {"trade_id": 848967552, "side": "sell", "size": "0.00082508", "price": "119933.42000000", "time": "2025-07-14T19:10:42.778297Z", "fetched_at": "2025-07-14T19:10:50.418883+00:00", "symbol": "BTC-USD"}, {"trade_id": 848967551, "side": "buy", "size": "0.00002523", "price": "119936.04000000", "time": "2025-07-14T19:10:42.666649Z", "fetched_at": "2025-07-14T19:10:50.418883+00:00", "symbol": "BTC-USD"}, {"trade_id": 848967550, "side": "sell", "size": "0.00000099", "price": "119933.42000000", "time": "2025-07-14T19:10:42.619046Z", "fetched_at": "2025-07-14T19:10:50.418883+00:00", "symbol": "BTC-USD"}, {"trade_id": 848967549, "side": "buy", "size": "0.00002528", "price": "119934.38000000", "time": "2025-07-14T19:10:42.585486Z", "fetched_at": "2025-07-14T19:10:50.418883+00:00", "symbol": "BTC-USD"}, {"trade_id": 848967548, "side": "buy", "size": "0.00002528", "price": "119934.38000000", "time": "2025-07-14T19:10:42.563484Z", "fetched_at": "2025-07-14T19:10:50.418883+00:00", "symbol": "BTC-USD"}, {"trade_id": 848967547, "side": "buy", "size": "0.00002555", "price": "119934.38000000", "time": "2025-07-14T19:10:42.543119Z", "fetched_at": "2025-07-14T19:10:50.418883+00:00", "symbol": "BTC-USD"}, {"trade_id": 848967546, "side": "buy", "size": "0.00002617", "price": "119934.90000000", "time": "2025-07-14T19:10:42.487013Z", "fetched_at": "2025-07-14T19:10:50.418883+00:00", "symbol": "BTC-USD"}, {"trade_id": 848967545, "side": "buy", "size": "0.00002617", "price": "119934.90000000", "time": "2025-07-14T19:10:42.466254Z", "fetched_at": "2025-07-14T19:10:50.418883+00:00", "symbol": "BTC-USD"}, {"trade_id": 848967544, "side": "buy", "size": "0.00002555", "price": "119934.90000000", "time": "2025-07-14T19:10:42.411074Z", "fetched_at": "2025-07-14T19:10:50.418883+00:00", "symbol": "BTC-USD"}, {"trade_id": 848967543, "side": "buy", "size": "0.00002555", "price": "119935.00000000", "time": "2025-07-14T19:10:42.387515Z", "fetched_at": "2025-07-14T19:10:50.418883+00:00", "symbol": "BTC-USD"}, {"trade_id": 848967542, "side": "buy", "size": "0.00002555", "price": "119936.20000000", "time": "2025-07-14T19:10:42.364244Z", "fetched_at": "2025-07-14T19:10:50.418883+00:00", "symbol": "BTC-USD"}, {"trade_id": 848967541, "side": "sell", "size": "0.00732345", "price": "119935.38000000", "time": "2025-07-14T19:10:42.311245Z", "fetched_at": "2025-07-14T19:10:50.418883+00:00", "symbol": "BTC-USD"}, {"trade_id": 848967540, "side": "sell", "size": "0.00092826", "price": "119934.14000000", "time": "2025-07-14T19:10:42.311245Z", "fetched_at": "2025-07-14T19:10:50.418883+00:00", "symbol": "BTC-USD"}, {"trade_id": 848967539, "side": "buy", "size": "0.00002555", "price": "119934.13000000", "time": "2025-07-14T19:10:42.306226Z", "fetched_at": "2025-07-14T19:10:50.418883+00:00", "symbol": "BTC-USD"}, {"trade_id": 848967538, "side": "buy", "size": "0.00002555", "price": "119934.59000000", "time": "2025-07-14T19:10:42.284438Z", "fetched_at": "2025-07-14T19:10:50.418883+00:00", "symbol": "BTC-USD"}, {"trade_id": 848967537, "side": "buy", "size": "0.00833800", "price": "119932.95000000", "time": "2025-07-14T19:10:42.260144Z", "fetched_at": "2025-07-14T19:10:50.418883+00:00", "symbol": "BTC-USD"}, {"trade_id": 848967536, "side": "buy", "size": "0.00002534", "price": "119936.24000000", "time": "2025-07-14T19:10:42.260144Z", "fetched_at": "2025-07-14T19:10:50.418883+00:00", "symbol": "BTC-USD"}, {"trade_id": 848967535, "side": "sell", "size": "0.00020627", "price": "119936.25000000", "time": "2025-07-14T19:10:42.259187Z", "fetched_at": "2025-07-14T19:10:50.418883+00:00", "symbol": "BTC-USD"}, {"trade_id": 848967534, "side": "buy", "size": "0.00002536", "price": "119935.82000000", "time": "2025-07-14T19:10:42.215052Z", "fetched_at": "2025-07-14T19:10:50.418883+00:00", "symbol": "BTC-USD"}, {"trade_id": 848967533, "side": "buy", "size": "0.00002536", "price": "119936.25000000", "time": "2025-07-14T19:10:42.199194Z", "fetched_at": "2025-07-14T19:10:50.418883+00:00", "symbol": "BTC-USD"}, {"trade_id": 848967532, "side": "buy", "size": "0.00833776", "price": "119936.25000000", "time": "2025-07-14T19:10:42.181135Z", "fetched_at": "2025-07-14T19:10:50.418883+00:00", "symbol": "BTC-USD"}, {"trade_id": 848967531, "side": "buy", "size": "0.00002536", "price": "119936.25000000", "time": "2025-07-14T19:10:42.181135Z", "fetched_at": "2025-07-14T19:10:50.418883+00:00", "symbol": "BTC-USD"}, {"trade_id": 848967530, "side": "buy", "size": "0.02144911", "price": "119932.96000000", "time": "2025-07-14T19:10:42.125099Z", "fetched_at": "2025-07-14T19:10:50.418883+00:00", "symbol": "BTC-USD"}, {"trade_id": 848967529, "side": "buy", "size": "0.00047206", "price": "119932.96000000", "time": "2025-07-14T19:10:42.125099Z", "fetched_at": "2025-07-14T19:10:50.418883+00:00", "symbol": "BTC-USD"}, {"trade_id": 848967528, "side": "buy", "size": "0.00598000", "price": "119936.25000000", "time": "2025-07-14T19:10:42.125099Z", "fetched_at": "2025-07-14T19:10:50.418883+00:00", "symbol": "BTC-USD"}, {"trade_id": 848967527, "side": "buy", "size": "0.00002536", "price": "119936.25000000", "time": "2025-07-14T19:10:42.125099Z", "fetched_at": "2025-07-14T19:10:50.418883+00:00", "symbol": "BTC-USD"}, {"trade_id": 848967526, "side": "buy", "size": "0.02239390", "price": "119932.96000000", "time": "2025-07-14T19:10:42.103367Z", "fetched_at": "2025-07-14T19:10:50.418883+00:00", "symbol": "BTC-USD"}, {"trade_id": 848967525, "side": "buy", "size": "0.00833776", "price": "119936.25000000", "time": "2025-07-14T19:10:42.103367Z", "fetched_at": "2025-07-14T19:10:50.418883+00:00", "symbol": "BTC-USD"}, {"trade_id": 848967524, "side": "buy", "size": "0.00543000", "price": "119936.25000000", "time": "2025-07-14T19:10:42.103367Z", "fetched_at": "2025-07-14T19:10:50.418883+00:00", "symbol": "BTC-USD"}, {"trade_id": 848967523, "side": "buy", "size": "0.00002536", "price": "119936.25000000", "time": "2025-07-14T19:10:42.103367Z", "fetched_at": "2025-07-14T19:10:50.418883+00:00", "symbol": "BTC-USD"}, {"trade_id": 848967522, "side": "buy", "size": "0.02430735", "price": "119932.96000000", "time": "2025-07-14T19:10:42.081240Z", "fetched_at": "2025-07-14T19:10:50.418883+00:00", "symbol": "BTC-USD"}, {"trade_id": 848967521, "side": "buy", "size": "0.00656557", "price": "119936.25000000", "time": "2025-07-14T19:10:42.081240Z", "fetched_at": "2025-07-14T19:10:50.418883+00:00", "symbol": "BTC-USD"}, {"trade_id": 848967520, "side": "buy", "size": "0.00416855", "price": "119936.25000000", "time": "2025-07-14T19:10:42.081240Z", "fetched_at": "2025-07-14T19:10:50.418883+00:00", "symbol": "BTC-USD"}, {"trade_id": 848967519, "side": "buy", "size": "0.00002290", "price": "119936.25000000", "time": "2025-07-14T19:10:42.081240Z", "fetched_at": "2025-07-14T19:10:50.418883+00:00", "symbol": "BTC-USD"}, {"trade_id": 848967518, "side": "buy", "size": "0.00543000", "price": "119936.25000000", "time": "2025-07-14T19:10:42.081240Z", "fetched_at": "2025-07-14T19:10:50.418883+00:00", "symbol": "BTC-USD"}, {"trade_id": 848967517, "side": "sell", "size": "0.00011856", "price": "119936.26000000", "time": "2025-07-14T19:10:42.055681Z", "fetched_at": "2025-07-14T19:10:50.418883+00:00", "symbol": "BTC-USD"}, {"trade_id": 848967516, "side": "sell", "size": "0.02590000", "price": "119936.26000000", "time": "2025-07-14T19:10:42.046903Z", "fetched_at": "2025-07-14T19:10:50.418883+00:00", "symbol": "BTC-USD"}, {"trade_id": 848967515, "side": "sell", "size": "0.07004297", "price": "119936.26000000", "time": "2025-07-14T19:10:42.044144Z", "fetched_at": "2025-07-14T19:10:50.418883+00:00", "symbol": "BTC-USD"}, {"trade_id": 848967514, "side": "sell", "size": "0.10893914", "price": "119936.26000000", "time": "2025-07-14T19:10:42.043627Z", "fetched_at": "2025-07-14T19:10:50.418883+00:00", "symbol": "BTC-USD"}, {"trade_id": 848967513, "side": "sell", "size": "0.51163493", "price": "119936.26000000", "time": "2025-07-14T19:10:42.039783Z", "fetched_at": "2025-07-14T19:10:50.418883+00:00", "symbol": "BTC-USD"}, {"trade_id": 848967512, "side": "sell", "size": "0.00983021", "price": "119936.24000000", "time": "2025-07-14T19:10:42.039783Z", "fetched_at": "2025-07-14T19:10:50.418883+00:00", "symbol": "BTC-USD"}, {"trade_id": 848967511, "side": "sell", "size": "0.02512832", "price": "119936.24000000", "time": "2025-07-14T19:10:42.038683Z", "fetched_at": "2025-07-14T19:10:50.418883+00:00", "symbol": "BTC-USD"}, {"trade_id": 848967510, "side": "sell", "size": "0.02394955", "price": "119936.24000000", "time": "2025-07-14T19:10:42.038683Z", "fetched_at": "2025-07-14T19:10:50.418883+00:00", "symbol": "BTC-USD"}, {"trade_id": 848967509, "side": "sell", "size": "0.00153308", "price": "119936.24000000", "time": "2025-07-14T19:10:42.025200Z", "fetched_at": "2025-07-14T19:10:50.418883+00:00", "symbol": "BTC-USD"}, {"trade_id": 848967508, "side": "sell", "size": "0.00094215", "price": "119932.95000000", "time": "2025-07-14T19:10:42.025200Z", "fetched_at": "2025-07-14T19:10:50.418883+00:00", "symbol": "BTC-USD"}, {"trade_id": 848967507, "side": "buy", "size": "0.53738781", "price": "119932.94000000", "time": "2025-07-14T19:10:41.974036Z", "fetched_at": "2025-07-14T19:10:50.418883+00:00", "symbol": "BTC-USD"}, {"trade_id": 848967506, "side": "buy", "size": "0.00002251", "price": "119932.94000000", "time": "2025-07-14T19:10:41.974036Z", "fetched_at": "2025-07-14T19:10:50.418883+00:00", "symbol": "BTC-USD"}, {"trade_id": 848967505, "side": "sell", "size": "0.16033055", "price": "119932.95000000", "time": "2025-07-14T19:10:41.938695Z", "fetched_at": "2025-07-14T19:10:50.418883+00:00", "symbol": "BTC-USD"}, {"trade_id": 848967504, "side": "sell", "size": "1.03231216", "price": "119932.95000000", "time": "2025-07-14T19:10:41.938204Z", "fetched_at": "2025-07-14T19:10:50.418883+00:00", "symbol": "BTC-USD"}, {"trade_id": 848967503, "side": "sell", "size": "0.25297212", "price": "119932.95000000", "time": "2025-07-14T19:10:41.928809Z", "fetched_at": "2025-07-14T19:10:50.418883+00:00", "symbol": "BTC-USD"}, {"trade_id": 848967502, "side": "sell", "size": "0.00037128", "price": "119932.95000000", "time": "2025-07-14T19:10:41.839191Z", "fetched_at": "2025-07-14T19:10:50.418883+00:00", "symbol": "BTC-USD"}, {"trade_id": 848967501, "side": "sell", "size": "0.00130188", "price": "119932.95000000", "time": "2025-07-14T19:10:41.818462Z", "fetched_at": "2025-07-14T19:10:50.418883+00:00", "symbol": "BTC-USD"}, {"trade_id": 848967500, "side": "sell", "size": "0.00729804", "price": "119932.95000000", "time": "2025-07-14T19:10:41.811356Z", "fetched_at": "2025-07-14T19:10:50.418883+00:00", "symbol": "BTC-USD"}, {"trade_id": 848967499, "side": "sell", "size": "0.08080000", "price": "119932.95000000", "time": "2025-07-14T19:10:41.592477Z", "fetched_at": "2025-07-14T19:10:50.418883+00:00", "symbol": "BTC-USD"}, {"trade_id": 848967498, "side": "sell", "size": "0.06480000", "price": "119931.11000000", "time": "2025-07-14T19:10:41.592477Z", "fetched_at": "2025-07-14T19:10:50.418883+00:00", "symbol": "BTC-USD"}, {"trade_id": 848967497, "side": "buy", "size": "0.00002259", "price": "119932.94000000", "time": "2025-07-14T19:10:41.531887Z", "fetched_at": "2025-07-14T19:10:50.418883+00:00", "symbol": "BTC-USD"}, {"trade_id": 848967496, "side": "buy", "size": "0.04700000", "price": "119936.25000000", "time": "2025-07-14T19:10:41.311865Z", "fetched_at": "2025-07-14T19:10:50.418883+00:00", "symbol": "BTC-USD"}, {"trade_id": 848967495, "side": "buy", "size": "0.00002271", "price": "119936.25000000", "time": "2025-07-14T19:10:41.311865Z", "fetched_at": "2025-07-14T19:10:50.418883+00:00", "symbol": "BTC-USD"}, {"trade_id": 848967494, "side": "sell", "size": "0.00080989", "price": "119936.26000000", "time": "2025-07-14T19:10:41.181141Z", "fetched_at": "2025-07-14T19:10:50.418883+00:00", "symbol": "BTC-USD"}, {"trade_id": 848967493, "side": "buy", "size": "0.00002354", "price": "119937.70000000", "time": "2025-07-14T19:10:41.074905Z", "fetched_at": "2025-07-14T19:10:50.418883+00:00", "symbol": "BTC-USD"}, {"trade_id": 848967492, "side": "sell", "size": "0.04990455", "price": "119935.91000000", "time": "2025-07-14T19:10:40.956719Z", "fetched_at": "2025-07-14T19:10:50.418883+00:00", "symbol": "BTC-USD"}, {"trade_id": 848967491, "side": "sell", "size": "0.00000900", "price": "119929.63000000", "time": "2025-07-14T19:10:40.868633Z", "fetched_at": "2025-07-14T19:10:50.418883+00:00", "symbol": "BTC-USD"}, {"trade_id": 848967490, "side": "buy", "size": "0.60600000", "price": "119937.71000000", "time": "2025-07-14T19:10:40.818478Z", "fetched_at": "2025-07-14T19:10:50.418883+00:00", "symbol": "BTC-USD"}, {"trade_id": 848967489, "side": "buy", "size": "0.00002919", "price": "119937.71000000", "time": "2025-07-14T19:10:40.818478Z", "fetched_at": "2025-07-14T19:10:50.418883+00:00", "symbol": "BTC-USD"}, {"trade_id": 848967488, "side": "buy", "size": "0.00002919", "price": "119938.55000000", "time": "2025-07-14T19:10:40.568701Z", "fetched_at": "2025-07-14T19:10:50.418883+00:00", "symbol": "BTC-USD"}, {"trade_id": 848967487, "side": "sell", "size": "0.00833768", "price": "119937.49000000", "time": "2025-07-14T19:10:40.425494Z", "fetched_at": "2025-07-14T19:10:50.418883+00:00", "symbol": "BTC-USD"}, {"trade_id": 848967486, "side": "buy", "size": "0.01683269", "price": "119925.42000000", "time": "2025-07-14T19:10:40.238105Z", "fetched_at": "2025-07-14T19:10:50.418883+00:00", "symbol": "BTC-USD"}, {"trade_id": 848967485, "side": "buy", "size": "0.03128217", "price": "119930.82000000", "time": "2025-07-14T19:10:40.194209Z", "fetched_at": "2025-07-14T19:10:50.418883+00:00", "symbol": "BTC-USD"}, {"trade_id": 848967484, "side": "buy", "size": "0.01691310", "price": "119931.67000000", "time": "2025-07-14T19:10:40.194209Z", "fetched_at": "2025-07-14T19:10:50.418883+00:00", "symbol": "BTC-USD"}, {"trade_id": 848967483, "side": "buy", "size": "0.18977725", "price": "119931.76000000", "time": "2025-07-14T19:10:40.194209Z", "fetched_at": "2025-07-14T19:10:50.418883+00:00", "symbol": "BTC-USD"}, {"trade_id": 848967482, "side": "buy", "size": "0.09738038", "price": "119931.76000000", "time": "2025-07-14T19:10:40.194209Z", "fetched_at": "2025-07-14T19:10:50.418883+00:00", "symbol": "BTC-USD"}, {"trade_id": 848967481, "side": "buy", "size": "0.03871106", "price": "119931.77000000", "time": "2025-07-14T19:10:40.194209Z", "fetched_at": "2025-07-14T19:10:50.418883+00:00", "symbol": "BTC-USD"}, {"trade_id": 848967480, "side": "buy", "size": "0.00833794", "price": "119933.64000000", "time": "2025-07-14T19:10:40.194209Z", "fetched_at": "2025-07-14T19:10:50.418883+00:00", "symbol": "BTC-USD"}, {"trade_id": 848967479, "side": "buy", "size": "0.00001000", "price": "119934.00000000", "time": "2025-07-14T19:10:40.194209Z", "fetched_at": "2025-07-14T19:10:50.418883+00:00", "symbol": "BTC-USD"}, {"trade_id": 848967478, "side": "buy", "size": "0.01691310", "price": "119935.86000000", "time": "2025-07-14T19:10:40.194209Z", "fetched_at": "2025-07-14T19:10:50.418883+00:00", "symbol": "BTC-USD"}, {"trade_id": 848967477, "side": "buy", "size": "0.01515662", "price": "119935.87000000", "time": "2025-07-14T19:10:40.194209Z", "fetched_at": "2025-07-14T19:10:50.418883+00:00", "symbol": "BTC-USD"}, {"trade_id": 848967476, "side": "buy", "size": "0.00001000", "price": "119943.00000000", "time": "2025-07-14T19:10:40.194209Z", "fetched_at": "2025-07-14T19:10:50.418883+00:00", "symbol": "BTC-USD"}, {"trade_id": 848967475, "side": "buy", "size": "0.00005894", "price": "119950.20000000", "time": "2025-07-14T19:10:40.194209Z", "fetched_at": "2025-07-14T19:10:50.418883+00:00", "symbol": "BTC-USD"}, {"trade_id": 848967474, "side": "buy", "size": "0.00002881", "price": "119950.20000000", "time": "2025-07-14T19:10:40.194209Z", "fetched_at": "2025-07-14T19:10:50.418883+00:00", "symbol": "BTC-USD"}, {"trade_id": 848967473, "side": "sell", "size": "0.03392768", "price": "119952.01000000", "time": "2025-07-14T19:10:40.129829Z", "fetched_at": "2025-07-14T19:10:50.418883+00:00", "symbol": "BTC-USD"}, {"trade_id": 848967472, "side": "sell", "size": "0.00543000", "price": "119952.01000000", "time": "2025-07-14T19:10:40.129829Z", "fetched_at": "2025-07-14T19:10:50.418883+00:00", "symbol": "BTC-USD"}, {"trade_id": 848967471, "side": "sell", "size": "0.06480000", "price": "119952.01000000", "time": "2025-07-14T19:10:40.129829Z", "fetched_at": "2025-07-14T19:10:50.418883+00:00", "symbol": "BTC-USD"}, {"trade_id": 848967470, "side": "buy", "size": "0.00382344", "price": "119950.20000000", "time": "2025-07-14T19:10:40.129829Z", "fetched_at": "2025-07-14T19:10:50.418883+00:00", "symbol": "BTC-USD"}, {"trade_id": 848967469, "side": "buy", "size": "0.00016656", "price": "119952.00000000", "time": "2025-07-14T19:10:40.129829Z", "fetched_at": "2025-07-14T19:10:50.418883+00:00", "symbol": "BTC-USD"}, {"trade_id": 848967468, "side": "buy", "size": "0.00001000", "price": "119952.00000000", "time": "2025-07-14T19:10:40.129829Z", "fetched_at": "2025-07-14T19:10:50.418883+00:00", "symbol": "BTC-USD"}, {"trade_id": 848967467, "side": "buy", "size": "0.00046408", "price": "119959.92000000", "time": "2025-07-14T19:10:39.830569Z", "fetched_at": "2025-07-14T19:10:50.418883+00:00", "symbol": "BTC-USD"}, {"trade_id": 848967466, "side": "buy", "size": "0.00787204", "price": "119959.92000000", "time": "2025-07-14T19:10:39.825072Z", "fetched_at": "2025-07-14T19:10:50.418883+00:00", "symbol": "BTC-USD"}, {"trade_id": 848967465, "side": "buy", "size": "0.00001000", "price": "119961.00000000", "time": "2025-07-14T19:10:39.824276Z", "fetched_at": "2025-07-14T19:10:50.418883+00:00", "symbol": "BTC-USD"}, {"trade_id": 848967464, "side": "buy", "size": "0.00002216", "price": "119961.72000000", "time": "2025-07-14T19:10:39.822900Z", "fetched_at": "2025-07-14T19:10:50.418883+00:00", "symbol": "BTC-USD"}, {"trade_id": 848967463, "side": "buy", "size": "0.00405138", "price": "119961.72000000", "time": "2025-07-14T19:10:39.822900Z", "fetched_at": "2025-07-14T19:10:50.418883+00:00", "symbol": "BTC-USD"}, {"trade_id": 848967462, "side": "buy", "size": "0.00790616", "price": "119961.72000000", "time": "2025-07-14T19:10:39.819859Z", "fetched_at": "2025-07-14T19:10:50.418883+00:00", "symbol": "BTC-USD"}, {"trade_id": 848967461, "side": "buy", "size": "0.05771935", "price": "119961.72000000", "time": "2025-07-14T19:10:39.819728Z", "fetched_at": "2025-07-14T19:10:50.418883+00:00", "symbol": "BTC-USD"}, {"trade_id": 848967460, "side": "buy", "size": "0.02385253", "price": "119961.72000000", "time": "2025-07-14T19:10:39.819500Z", "fetched_at": "2025-07-14T19:10:50.418883+00:00", "symbol": "BTC-USD"}, {"trade_id": 848967459, "side": "buy", "size": "0.02727263", "price": "119961.72000000", "time": "2025-07-14T19:10:39.819199Z", "fetched_at": "2025-07-14T19:10:50.418883+00:00", "symbol": "BTC-USD"}, {"trade_id": 848967458, "side": "buy", "size": "0.01193073", "price": "119961.72000000", "time": "2025-07-14T19:10:39.819013Z", "fetched_at": "2025-07-14T19:10:50.418883+00:00", "symbol": "BTC-USD"}, {"trade_id": 848967457, "side": "buy", "size": "0.11324297", "price": "119961.72000000", "time": "2025-07-14T19:10:39.815030Z", "fetched_at": "2025-07-14T19:10:50.418883+00:00", "symbol": "BTC-USD"}, {"trade_id": 848967456, "side": "buy", "size": "0.00382599", "price": "119961.72000000", "time": "2025-07-14T19:10:39.809600Z", "fetched_at": "2025-07-14T19:10:50.418883+00:00", "symbol": "BTC-USD"}, {"trade_id": 848967455, "side": "buy", "size": "0.09619323", "price": "119961.72000000", "time": "2025-07-14T19:10:39.804412Z", "fetched_at": "2025-07-14T19:10:50.418883+00:00", "symbol": "BTC-USD"}, {"trade_id": 848967454, "side": "buy", "size": "0.03463000", "price": "119961.72000000", "time": "2025-07-14T19:10:39.799519Z", "fetched_at": "2025-07-14T19:10:50.418883+00:00", "symbol": "BTC-USD"}, {"trade_id": 848967453, "side": "buy", "size": "0.01817911", "price": "119961.72000000", "time": "2025-07-14T19:10:39.798485Z", "fetched_at": "2025-07-14T19:10:50.418883+00:00", "symbol": "BTC-USD"}, {"trade_id": 848967452, "side": "buy", "size": "0.14269933", "price": "119961.72000000", "time": "2025-07-14T19:10:39.796510Z", "fetched_at": "2025-07-14T19:10:50.418883+00:00", "symbol": "BTC-USD"}, {"trade_id": 848967451, "side": "buy", "size": "0.01772529", "price": "119961.72000000", "time": "2025-07-14T19:10:39.796054Z", "fetched_at": "2025-07-14T19:10:50.418883+00:00", "symbol": "BTC-USD"}, {"trade_id": 848967450, "side": "buy", "size": "0.01370889", "price": "119961.72000000", "time": "2025-07-14T19:10:39.795417Z", "fetched_at": "2025-07-14T19:10:50.418883+00:00", "symbol": "BTC-USD"}, {"trade_id": 848967449, "side": "buy", "size": "0.03306241", "price": "119961.72000000", "time": "2025-07-14T19:10:39.786289Z", "fetched_at": "2025-07-14T19:10:50.418883+00:00", "symbol": "BTC-USD"}, {"trade_id": 848967448, "side": "buy", "size": "0.00009759", "price": "119961.72000000", "time": "2025-07-14T19:10:39.786289Z", "fetched_at": "2025-07-14T19:10:50.418883+00:00", "symbol": "BTC-USD"}, {"trade_id": 848967447, "side": "buy", "size": "0.00000241", "price": "119961.72000000", "time": "2025-07-14T19:10:39.475151Z", "fetched_at": "2025-07-14T19:10:50.418883+00:00", "symbol": "BTC-USD"}, {"trade_id": 848967446, "side": "buy", "size": "0.00002916", "price": "119961.74000000", "time": "2025-07-14T19:10:39.475151Z", "fetched_at": "2025-07-14T19:10:50.418883+00:00", "symbol": "BTC-USD"}, {"trade_id": 848967445, "side": "buy", "size": "0.00000116", "price": "119961.74000000", "time": "2025-07-14T19:10:39.475151Z", "fetched_at": "2025-07-14T19:10:50.418883+00:00", "symbol": "BTC-USD"}, {"trade_id": 848967444, "side": "sell", "size": "0.00000099", "price": "119961.75000000", "time": "2025-07-14T19:10:39.336571Z", "fetched_at": "2025-07-14T19:10:50.418883+00:00", "symbol": "BTC-USD"}, {"trade_id": 848967443, "side": "buy", "size": "0.00003339", "price": "119965.96000000", "time": "2025-07-14T19:10:39.119362Z", "fetched_at": "2025-07-14T19:10:50.418883+00:00", "symbol": "BTC-USD"}, {"trade_id": 848967442, "side": "sell", "size": "0.00090358", "price": "119965.97000000", "time": "2025-07-14T19:10:39.097776Z", "fetched_at": "2025-07-14T19:10:50.418883+00:00", "symbol": "BTC-USD"}, {"trade_id": 848967441, "side": "sell", "size": "0.00000902", "price": "119965.97000000", "time": "2025-07-14T19:10:39.050933Z", "fetched_at": "2025-07-14T19:10:50.418883+00:00", "symbol": "BTC-USD"}, {"trade_id": 848967440, "side": "buy", "size": "0.00001000", "price": "119970.00000000", "time": "2025-07-14T19:10:38.888002Z", "fetched_at": "2025-07-14T19:10:50.418883+00:00", "symbol": "BTC-USD"}, {"trade_id": 848967439, "side": "buy", "size": "0.00002792", "price": "119973.25000000", "time": "2025-07-14T19:10:38.888002Z", "fetched_at": "2025-07-14T19:10:50.418883+00:00", "symbol": "BTC-USD"}, {"trade_id": 848967438, "side": "buy", "size": "0.00058300", "price": "119975.08000000", "time": "2025-07-14T19:10:38.710624Z", "fetched_at": "2025-07-14T19:10:50.418883+00:00", "symbol": "BTC-USD"}, {"trade_id": 848967437, "side": "buy", "size": "0.00003532", "price": "119975.10000000", "time": "2025-07-14T19:10:38.710624Z", "fetched_at": "2025-07-14T19:10:50.418883+00:00", "symbol": "BTC-USD"}, {"trade_id": 848967436, "side": "buy", "size": "0.01724815", "price": "119975.10000000", "time": "2025-07-14T19:10:38.710624Z", "fetched_at": "2025-07-14T19:10:50.418883+00:00", "symbol": "BTC-USD"}, {"trade_id": 848967435, "side": "buy", "size": "0.01308250", "price": "119975.10000000", "time": "2025-07-14T19:10:38.710328Z", "fetched_at": "2025-07-14T19:10:50.418883+00:00", "symbol": "BTC-USD"}, {"trade_id": 848967434, "side": "buy", "size": "0.00416560", "price": "119975.10000000", "time": "2025-07-14T19:10:38.709683Z", "fetched_at": "2025-07-14T19:10:50.418883+00:00", "symbol": "BTC-USD"}, {"trade_id": 848967433, "side": "buy", "size": "0.33983006", "price": "119975.10000000", "time": "2025-07-14T19:10:38.673830Z", "fetched_at": "2025-07-14T19:10:50.418883+00:00", "symbol": "BTC-USD"}, {"trade_id": 848967432, "side": "buy", "size": "0.11236597", "price": "119975.10000000", "time": "2025-07-14T19:10:38.465435Z", "fetched_at": "2025-07-14T19:10:50.418883+00:00", "symbol": "BTC-USD"}, {"trade_id": 848967431, "side": "sell", "size": "0.00080981", "price": "119975.11000000", "time": "2025-07-14T19:10:38.180451Z", "fetched_at": "2025-07-14T19:10:50.418883+00:00", "symbol": "BTC-USD"}, {"trade_id": 848967430, "side": "buy", "size": "0.02761742", "price": "119975.10000000", "time": "2025-07-14T19:10:38.161319Z", "fetched_at": "2025-07-14T19:10:50.418883+00:00", "symbol": "BTC-USD"}, {"trade_id": 848967429, "side": "sell", "size": "0.00004047", "price": "119975.11000000", "time": "2025-07-14T19:10:37.308203Z", "fetched_at": "2025-07-14T19:10:50.418883+00:00", "symbol": "BTC-USD"}, {"trade_id": 848967428, "side": "buy", "size": "0.09143443", "price": "119975.10000000", "time": "2025-07-14T19:10:36.016374Z", "fetched_at": "2025-07-14T19:10:50.418883+00:00", "symbol": "BTC-USD"}, {"trade_id": 848967427, "side": "buy", "size": "0.00025587", "price": "119975.10000000", "time": "2025-07-14T19:10:35.782895Z", "fetched_at": "2025-07-14T19:10:50.418883+00:00", "symbol": "BTC-USD"}, {"trade_id": 848967426, "side": "buy", "size": "0.00002347", "price": "119975.10000000", "time": "2025-07-14T19:10:35.782895Z", "fetched_at": "2025-07-14T19:10:50.418883+00:00", "symbol": "BTC-USD"}, {"trade_id": 848967425, "side": "sell", "size": "0.00071000", "price": "119975.11000000", "time": "2025-07-14T19:10:35.445706Z", "fetched_at": "2025-07-14T19:10:50.418883+00:00", "symbol": "BTC-USD"}, {"trade_id": 848967424, "side": "sell", "size": "0.00213378", "price": "119975.11000000", "time": "2025-07-14T19:10:35.304240Z", "fetched_at": "2025-07-14T19:10:50.418883+00:00", "symbol": "BTC-USD"}, {"trade_id": 848967423, "side": "buy", "size": "0.00002259", "price": "119975.72000000", "time": "2025-07-14T19:10:35.174793Z", "fetched_at": "2025-07-14T19:10:50.418883+00:00", "symbol": "BTC-USD"}, {"trade_id": 848967422, "side": "buy", "size": "0.00001000", "price": "119979.00000000", "time": "2025-07-14T19:10:35.076008Z", "fetched_at": "2025-07-14T19:10:50.418883+00:00", "symbol": "BTC-USD"}, {"trade_id": 848967421, "side": "buy", "size": "0.00002130", "price": "119979.92000000", "time": "2025-07-14T19:10:35.076008Z", "fetched_at": "2025-07-14T19:10:50.418883+00:00", "symbol": "BTC-USD"}, {"trade_id": 848967420, "side": "buy", "size": "0.00000116", "price": "119987.23000000", "time": "2025-07-14T19:10:34.437652Z", "fetched_at": "2025-07-14T19:10:50.418883+00:00", "symbol": "BTC-USD"}, {"trade_id": 848967419, "side": "buy", "size": "0.00001990", "price": "119987.23000000", "time": "2025-07-14T19:10:34.437652Z", "fetched_at": "2025-07-14T19:10:50.418883+00:00", "symbol": "BTC-USD"}, {"trade_id": 848967418, "side": "buy", "size": "0.00000900", "price": "119989.01000000", "time": "2025-07-14T19:10:34.193030Z", "fetched_at": "2025-07-14T19:10:50.418883+00:00", "symbol": "BTC-USD"}, {"trade_id": 848967417, "side": "buy", "size": "0.00002000", "price": "119989.01000000", "time": "2025-07-14T19:10:34.193030Z", "fetched_at": "2025-07-14T19:10:50.418883+00:00", "symbol": "BTC-USD"}, {"trade_id": 848967416, "side": "buy", "size": "0.00001000", "price": "119989.01000000", "time": "2025-07-14T19:10:34.193030Z", "fetched_at": "2025-07-14T19:10:50.418883+00:00", "symbol": "BTC-USD"}, {"trade_id": 848967415, "side": "buy", "size": "0.00001998", "price": "119989.03000000", "time": "2025-07-14T19:10:34.193030Z", "fetched_at": "2025-07-14T19:10:50.418883+00:00", "symbol": "BTC-USD"}, {"trade_id": 848967414, "side": "buy", "size": "0.10479404", "price": "119989.03000000", "time": "2025-07-14T19:10:34.193030Z", "fetched_at": "2025-07-14T19:10:50.418883+00:00", "symbol": "BTC-USD"}, {"trade_id": 848967413, "side": "buy", "size": "0.04895525", "price": "119989.03000000", "time": "2025-07-14T19:10:34.125177Z", "fetched_at": "2025-07-14T19:10:50.418883+00:00", "symbol": "BTC-USD"}, {"trade_id": 848967412, "side": "buy", "size": "0.18965997", "price": "119989.03000000", "time": "2025-07-14T19:10:34.107626Z", "fetched_at": "2025-07-14T19:10:50.418883+00:00", "symbol": "BTC-USD"}, {"trade_id": 848967411, "side": "buy", "size": "0.01897133", "price": "119989.03000000", "time": "2025-07-14T19:10:34.005162Z", "fetched_at": "2025-07-14T19:10:50.418883+00:00", "symbol": "BTC-USD"}, {"trade_id": 848967410, "side": "buy", "size": "0.07089963", "price": "119989.03000000", "time": "2025-07-14T19:10:33.912099Z", "fetched_at": "2025-07-14T19:10:50.418883+00:00", "symbol": "BTC-USD"}, {"trade_id": 848967409, "side": "sell", "size": "0.00000066", "price": "119989.04000000", "time": "2025-07-14T19:10:33.663899Z", "fetched_at": "2025-07-14T19:10:50.418883+00:00", "symbol": "BTC-USD"}, {"trade_id": 848967408, "side": "sell", "size": "0.00000099", "price": "119989.04000000", "time": "2025-07-14T19:10:33.483053Z", "fetched_at": "2025-07-14T19:10:50.418883+00:00", "symbol": "BTC-USD"}, {"trade_id": 848967407, "side": "buy", "size": "0.08637105", "price": "119989.03000000", "time": "2025-07-14T19:10:32.609549Z", "fetched_at": "2025-07-14T19:10:50.418883+00:00", "symbol": "BTC-USD"}, {"trade_id": 848967406, "side": "buy", "size": "0.08634873", "price": "119989.03000000", "time": "2025-07-14T19:10:32.525171Z", "fetched_at": "2025-07-14T19:10:50.418883+00:00", "symbol": "BTC-USD"}, {"trade_id": 848967405, "side": "buy", "size": "0.00002232", "price": "119989.03000000", "time": "2025-07-14T19:10:32.525171Z", "fetched_at": "2025-07-14T19:10:50.418883+00:00", "symbol": "BTC-USD"}, {"trade_id": 848967404, "side": "sell", "size": "0.00809472", "price": "119989.04000000", "time": "2025-07-14T19:10:31.775661Z", "fetched_at": "2025-07-14T19:10:50.418883+00:00", "symbol": "BTC-USD"}, {"trade_id": 848967403, "side": "sell", "size": "0.00000099", "price": "119989.04000000", "time": "2025-07-14T19:10:30.868378Z", "fetched_at": "2025-07-14T19:10:50.418883+00:00", "symbol": "BTC-USD"}, {"trade_id": 848967402, "side": "buy", "size": "0.00002095", "price": "119992.49000000", "time": "2025-07-14T19:10:30.816333Z", "fetched_at": "2025-07-14T19:10:50.418883+00:00", "symbol": "BTC-USD"}, {"trade_id": 848967401, "side": "buy", "size": "0.00002100", "price": "119992.48000000", "time": "2025-07-14T19:10:30.755621Z", "fetched_at": "2025-07-14T19:10:50.418883+00:00", "symbol": "BTC-USD"}, {"trade_id": 848967400, "side": "buy", "size": "0.00000900", "price": "119992.48000000", "time": "2025-07-14T19:10:30.755621Z", "fetched_at": "2025-07-14T19:10:50.418883+00:00", "symbol": "BTC-USD"}, {"trade_id": 848967399, "side": "buy", "size": "0.00002097", "price": "119992.50000000", "time": "2025-07-14T19:10:30.755621Z", "fetched_at": "2025-07-14T19:10:50.418883+00:00", "symbol": "BTC-USD"}, {"trade_id": 848967398, "side": "buy", "size": "0.00000233", "price": "119992.50000000", "time": "2025-07-14T19:10:30.708252Z", "fetched_at": "2025-07-14T19:10:50.418883+00:00", "symbol": "BTC-USD"}, {"trade_id": 848967397, "side": "sell", "size": "0.00452850", "price": "119992.51000000", "time": "2025-07-14T19:10:30.659181Z", "fetched_at": "2025-07-14T19:10:50.418883+00:00", "symbol": "BTC-USD"}, {"trade_id": 848967396, "side": "sell", "size": "0.00000099", "price": "119992.51000000", "time": "2025-07-14T19:10:30.491441Z", "fetched_at": "2025-07-14T19:10:50.418883+00:00", "symbol": "BTC-USD"}, {"trade_id": 848967395, "side": "sell", "size": "0.00039501", "price": "119992.51000000", "time": "2025-07-14T19:10:30.227981Z", "fetched_at": "2025-07-14T19:10:50.418883+00:00", "symbol": "BTC-USD"}, {"trade_id": 848967394, "side": "sell", "size": "0.00000099", "price": "119992.51000000", "time": "2025-07-14T19:10:30.154868Z", "fetched_at": "2025-07-14T19:10:50.418883+00:00", "symbol": "BTC-USD"}, {"trade_id": 848967393, "side": "buy", "size": "0.00196982", "price": "119985.18000000", "time": "2025-07-14T19:10:29.982217Z", "fetched_at": "2025-07-14T19:10:50.418883+00:00", "symbol": "BTC-USD"}, {"trade_id": 848967392, "side": "buy", "size": "0.00001000", "price": "119988.00000000", "time": "2025-07-14T19:10:29.982217Z", "fetched_at": "2025-07-14T19:10:50.418883+00:00", "symbol": "BTC-USD"}, {"trade_id": 848967391, "side": "buy", "size": "0.00002018", "price": "119992.50000000", "time": "2025-07-14T19:10:29.982217Z", "fetched_at": "2025-07-14T19:10:50.418883+00:00", "symbol": "BTC-USD"}, {"trade_id": 848967390, "side": "buy", "size": "0.00002018", "price": "119993.49000000", "time": "2025-07-14T19:10:29.820047Z", "fetched_at": "2025-07-14T19:10:50.418883+00:00", "symbol": "BTC-USD"}, {"trade_id": 848967389, "side": "buy", "size": "0.00833391", "price": "119991.75000000", "time": "2025-07-14T19:10:29.684962Z", "fetched_at": "2025-07-14T19:10:50.418883+00:00", "symbol": "BTC-USD"}, {"trade_id": 848967388, "side": "buy", "size": "0.00003800", "price": "119993.53000000", "time": "2025-07-14T19:10:29.684962Z", "fetched_at": "2025-07-14T19:10:50.418883+00:00", "symbol": "BTC-USD"}, {"trade_id": 848967387, "side": "buy", "size": "0.00001990", "price": "119993.55000000", "time": "2025-07-14T19:10:29.684962Z", "fetched_at": "2025-07-14T19:10:50.418883+00:00", "symbol": "BTC-USD"}, {"trade_id": 848967386, "side": "buy", "size": "0.00000116", "price": "119993.55000000", "time": "2025-07-14T19:10:29.684962Z", "fetched_at": "2025-07-14T19:10:50.418883+00:00", "symbol": "BTC-USD"}, {"trade_id": 848967385, "side": "buy", "size": "0.28654287", "price": "119993.55000000", "time": "2025-07-14T19:10:29.684962Z", "fetched_at": "2025-07-14T19:10:50.418883+00:00", "symbol": "BTC-USD"}, {"trade_id": 848967384, "side": "sell", "size": "0.00000008", "price": "119993.56000000", "time": "2025-07-14T19:10:29.283756Z", "fetched_at": "2025-07-14T19:10:50.418883+00:00", "symbol": "BTC-USD"}, {"trade_id": 848967383, "side": "buy", "size": "0.31945713", "price": "119993.55000000", "time": "2025-07-14T19:10:29.240386Z", "fetched_at": "2025-07-14T19:10:50.418883+00:00", "symbol": "BTC-USD"}, {"trade_id": 848967382, "side": "buy", "size": "0.00001603", "price": "119993.55000000", "time": "2025-07-14T19:10:29.240386Z", "fetched_at": "2025-07-14T19:10:50.418883+00:00", "symbol": "BTC-USD"}, {"trade_id": 848967381, "side": "sell", "size": "0.00142684", "price": "119993.56000000", "time": "2025-07-14T19:10:29.204330Z", "fetched_at": "2025-07-14T19:10:50.418883+00:00", "symbol": "BTC-USD"}, {"trade_id": 848967380, "side": "sell", "size": "0.00191000", "price": "119993.56000000", "time": "2025-07-14T19:10:29.204330Z", "fetched_at": "2025-07-14T19:10:50.418883+00:00", "symbol": "BTC-USD"}, {"trade_id": 848967379, "side": "sell", "size": "0.00071052", "price": "119993.56000000", "time": "2025-07-14T19:10:29.204330Z", "fetched_at": "2025-07-14T19:10:50.418883+00:00", "symbol": "BTC-USD"}, {"trade_id": 848967378, "side": "sell", "size": "0.00064100", "price": "119993.56000000", "time": "2025-07-14T19:10:28.674502Z", "fetched_at": "2025-07-14T19:10:50.418883+00:00", "symbol": "BTC-USD"}, {"trade_id": 848967377, "side": "buy", "size": "0.00001000", "price": "119997.00000000", "time": "2025-07-14T19:10:28.661381Z", "fetched_at": "2025-07-14T19:10:50.418883+00:00", "symbol": "BTC-USD"}, {"trade_id": 848967376, "side": "buy", "size": "0.00833346", "price": "119998.20000000", "time": "2025-07-14T19:10:28.661381Z", "fetched_at": "2025-07-14T19:10:50.418883+00:00", "symbol": "BTC-USD"}, {"trade_id": 848967375, "side": "buy", "size": "0.00022443", "price": "119999.00000000", "time": "2025-07-14T19:10:28.661381Z", "fetched_at": "2025-07-14T19:10:50.418883+00:00", "symbol": "BTC-USD"}, {"trade_id": 848967374, "side": "buy", "size": "0.00001930", "price": "120000.00000000", "time": "2025-07-14T19:10:28.661381Z", "fetched_at": "2025-07-14T19:10:50.418883+00:00", "symbol": "BTC-USD"}, {"trade_id": 848967373, "side": "buy", "size": "0.00838902", "price": "120000.00000000", "time": "2025-07-14T19:10:28.661381Z", "fetched_at": "2025-07-14T19:10:50.418883+00:00", "symbol": "BTC-USD"}, {"trade_id": 848967372, "side": "buy", "size": "0.00414166", "price": "120000.00000000", "time": "2025-07-14T19:10:28.661381Z", "fetched_at": "2025-07-14T19:10:50.418883+00:00", "symbol": "BTC-USD"}, {"trade_id": 848967371, "side": "buy", "size": "0.25355527", "price": "120000.00000000", "time": "2025-07-14T19:10:28.661381Z", "fetched_at": "2025-07-14T19:10:50.418883+00:00", "symbol": "BTC-USD"}, {"trade_id": 848967370, "side": "buy", "size": "0.02158700", "price": "120000.00000000", "time": "2025-07-14T19:10:28.361458Z", "fetched_at": "2025-07-14T19:10:50.418883+00:00", "symbol": "BTC-USD"}, {"trade_id": 848967369, "side": "buy", "size": "0.02263185", "price": "120000.00000000", "time": "2025-07-14T19:10:28.360928Z", "fetched_at": "2025-07-14T19:10:50.418883+00:00", "symbol": "BTC-USD"}, {"trade_id": 848967368, "side": "buy", "size": "0.00030000", "price": "120001.07000000", "time": "2025-07-14T19:10:28.360928Z", "fetched_at": "2025-07-14T19:10:50.418883+00:00", "symbol": "BTC-USD"}, {"trade_id": 848967367, "side": "buy", "size": "0.00001961", "price": "120001.09000000", "time": "2025-07-14T19:10:28.360928Z", "fetched_at": "2025-07-14T19:10:50.418883+00:00", "symbol": "BTC-USD"}, {"trade_id": 848967366, "side": "buy", "size": "0.00028533", "price": "120000.00000000", "time": "2025-07-14T19:10:27.982036Z", "fetched_at": "2025-07-14T19:10:50.418883+00:00", "symbol": "BTC-USD"}, {"trade_id": 848967365, "side": "buy", "size": "0.00005945", "price": "120001.11000000", "time": "2025-07-14T19:10:27.982036Z", "fetched_at": "2025-07-14T19:10:50.418883+00:00", "symbol": "BTC-USD"}, {"trade_id": 848967364, "side": "buy", "size": "0.00194055", "price": "120000.00000000", "time": "2025-07-14T19:10:27.977235Z", "fetched_at": "2025-07-14T19:10:50.418883+00:00", "symbol": "BTC-USD"}, {"trade_id": 848967363, "side": "buy", "size": "0.00005945", "price": "120001.11000000", "time": "2025-07-14T19:10:27.977235Z", "fetched_at": "2025-07-14T19:10:50.418883+00:00", "symbol": "BTC-USD"}, {"trade_id": 848967362, "side": "buy", "size": "0.00005944", "price": "120003.66000000", "time": "2025-07-14T19:10:27.922547Z", "fetched_at": "2025-07-14T19:10:50.418883+00:00", "symbol": "BTC-USD"}, {"trade_id": 848967361, "side": "buy", "size": "0.00005944", "price": "120004.53000000", "time": "2025-07-14T19:10:27.860755Z", "fetched_at": "2025-07-14T19:10:50.418883+00:00", "symbol": "BTC-USD"}, {"trade_id": 848967360, "side": "buy", "size": "0.00271100", "price": "120004.56000000", "time": "2025-07-14T19:10:27.803967Z", "fetched_at": "2025-07-14T19:10:50.418883+00:00", "symbol": "BTC-USD"}, {"trade_id": 848967359, "side": "buy", "size": "0.00005944", "price": "120004.58000000", "time": "2025-07-14T19:10:27.803967Z", "fetched_at": "2025-07-14T19:10:50.418883+00:00", "symbol": "BTC-USD"}, {"trade_id": 848967358, "side": "buy", "size": "0.00000116", "price": "120004.58000000", "time": "2025-07-14T19:10:27.803967Z", "fetched_at": "2025-07-14T19:10:50.418883+00:00", "symbol": "BTC-USD"}, {"trade_id": 848967357, "side": "buy", "size": "0.00002156", "price": "120004.58000000", "time": "2025-07-14T19:10:27.803967Z", "fetched_at": "2025-07-14T19:10:50.418883+00:00", "symbol": "BTC-USD"}, {"trade_id": 848967356, "side": "buy", "size": "0.05676205", "price": "120004.58000000", "time": "2025-07-14T19:10:27.803967Z", "fetched_at": "2025-07-14T19:10:50.418883+00:00", "symbol": "BTC-USD"}, {"trade_id": 848967355, "side": "buy", "size": "0.01141810", "price": "120004.58000000", "time": "2025-07-14T19:10:27.702390Z", "fetched_at": "2025-07-14T19:10:50.418883+00:00", "symbol": "BTC-USD"}, {"trade_id": 848967354, "side": "buy", "size": "0.01640116", "price": "120004.58000000", "time": "2025-07-14T19:10:27.615508Z", "fetched_at": "2025-07-14T19:10:50.418883+00:00", "symbol": "BTC-USD"}, {"trade_id": 848967353, "side": "buy", "size": "0.09885317", "price": "120004.58000000", "time": "2025-07-14T19:10:27.507350Z", "fetched_at": "2025-07-14T19:10:50.418883+00:00", "symbol": "BTC-USD"}, {"trade_id": 848967352, "side": "buy", "size": "0.12670097", "price": "120004.58000000", "time": "2025-07-14T19:10:27.411175Z", "fetched_at": "2025-07-14T19:10:50.418883+00:00", "symbol": "BTC-USD"}, {"trade_id": 848967351, "side": "sell", "size": "0.00393040", "price": "120004.59000000", "time": "2025-07-14T19:10:27.317953Z", "fetched_at": "2025-07-14T19:10:50.418883+00:00", "symbol": "BTC-USD"}, {"trade_id": 848967350, "side": "buy", "size": "0.09157979", "price": "120004.58000000", "time": "2025-07-14T19:10:26.353422Z", "fetched_at": "2025-07-14T19:10:50.418883+00:00", "symbol": "BTC-USD"}, {"trade_id": 848967349, "side": "buy", "size": "0.00752471", "price": "120004.58000000", "time": "2025-07-14T19:10:26.293780Z", "fetched_at": "2025-07-14T19:10:50.418883+00:00", "symbol": "BTC-USD"}, {"trade_id": 848967348, "side": "buy", "size": "0.05761925", "price": "120004.58000000", "time": "2025-07-14T19:10:26.258542Z", "fetched_at": "2025-07-14T19:10:50.418883+00:00", "symbol": "BTC-USD"}, {"trade_id": 848967347, "side": "buy", "size": "0.06842712", "price": "120004.58000000", "time": "2025-07-14T19:10:26.110511Z", "fetched_at": "2025-07-14T19:10:50.418883+00:00", "symbol": "BTC-USD"}, {"trade_id": 848967346, "side": "sell", "size": "0.00000099", "price": "120004.59000000", "time": "2025-07-14T19:10:25.665868Z", "fetched_at": "2025-07-14T19:10:50.418883+00:00", "symbol": "BTC-USD"}, {"trade_id": 848967345, "side": "buy", "size": "0.00003151", "price": "120004.58000000", "time": "2025-07-14T19:10:24.135308Z", "fetched_at": "2025-07-14T19:10:50.418883+00:00", "symbol": "BTC-USD"}, {"trade_id": 848967344, "side": "buy", "size": "0.02275083", "price": "120004.58000000", "time": "2025-07-14T19:10:22.382979Z", "fetched_at": "2025-07-14T19:10:50.418883+00:00", "symbol": "BTC-USD"}, {"trade_id": 848967343, "side": "buy", "size": "0.02275083", "price": "120004.58000000", "time": "2025-07-14T19:10:22.318570Z", "fetched_at": "2025-07-14T19:10:50.418883+00:00", "symbol": "BTC-USD"}, {"trade_id": 848967342, "side": "sell", "size": "0.00000099", "price": "120004.59000000", "time": "2025-07-14T19:10:22.091450Z", "fetched_at": "2025-07-14T19:10:50.418883+00:00", "symbol": "BTC-USD"}, {"trade_id": 848967341, "side": "buy", "size": "0.02518051", "price": "120004.58000000", "time": "2025-07-14T19:10:21.669801Z", "fetched_at": "2025-07-14T19:10:50.418883+00:00", "symbol": "BTC-USD"}, {"trade_id": 848967340, "side": "buy", "size": "0.00005944", "price": "120004.58000000", "time": "2025-07-14T19:10:21.669801Z", "fetched_at": "2025-07-14T19:10:50.418883+00:00", "symbol": "BTC-USD"}, {"trade_id": 848967339, "side": "sell", "size": "0.00010663", "price": "120004.59000000", "time": "2025-07-14T19:10:21.416215Z", "fetched_at": "2025-07-14T19:10:50.418883+00:00", "symbol": "BTC-USD"}, {"trade_id": 848967338, "side": "sell", "size": "0.00000099", "price": "120004.59000000", "time": "2025-07-14T19:10:21.363759Z", "fetched_at": "2025-07-14T19:10:50.418883+00:00", "symbol": "BTC-USD"}, {"trade_id": 848967337, "side": "sell", "size": "0.00000099", "price": "120004.59000000", "time": "2025-07-14T19:10:21.083070Z", "fetched_at": "2025-07-14T19:10:50.418883+00:00", "symbol": "BTC-USD"}, {"trade_id": 848967336, "side": "sell", "size": "0.00030754", "price": "120004.59000000", "time": "2025-07-14T19:10:20.398250Z", "fetched_at": "2025-07-14T19:10:50.418883+00:00", "symbol": "BTC-USD"}, {"trade_id": 848967335, "side": "buy", "size": "0.00833309", "price": "120003.47000000", "time": "2025-07-14T19:10:20.268843Z", "fetched_at": "2025-07-14T19:10:50.418883+00:00", "symbol": "BTC-USD"}, {"trade_id": 848967334, "side": "buy", "size": "0.01695100", "price": "120004.56000000", "time": "2025-07-14T19:10:20.268843Z", "fetched_at": "2025-07-14T19:10:50.418883+00:00", "symbol": "BTC-USD"}, {"trade_id": 848967333, "side": "buy", "size": "0.04900000", "price": "120004.58000000", "time": "2025-07-14T19:10:20.268843Z", "fetched_at": "2025-07-14T19:10:50.418883+00:00", "symbol": "BTC-USD"}, {"trade_id": 848967332, "side": "buy", "size": "0.04143566", "price": "120004.60000000", "time": "2025-07-14T19:10:20.268843Z", "fetched_at": "2025-07-14T19:10:50.418883+00:00", "symbol": "BTC-USD"}, {"trade_id": 848967331, "side": "buy", "size": "0.00005944", "price": "120007.37000000", "time": "2025-07-14T19:10:20.268843Z", "fetched_at": "2025-07-14T19:10:50.418883+00:00", "symbol": "BTC-USD"}, {"trade_id": 848967330, "side": "sell", "size": "0.00000099", "price": "120004.59000000", "time": "2025-07-14T19:10:20.192007Z", "fetched_at": "2025-07-14T19:10:50.418883+00:00", "symbol": "BTC-USD"}, {"trade_id": 848967329, "side": "sell", "size": "0.00003949", "price": "120004.59000000", "time": "2025-07-14T19:10:20.118454Z", "fetched_at": "2025-07-14T19:10:50.418883+00:00", "symbol": "BTC-USD"}, {"trade_id": 848967328, "side": "buy", "size": "0.00005944", "price": "120007.39000000", "time": "2025-07-14T19:10:20.004191Z", "fetched_at": "2025-07-14T19:10:50.418883+00:00", "symbol": "BTC-USD"}, {"trade_id": 848967327, "side": "sell", "size": "0.00000099", "price": "120007.40000000", "time": "2025-07-14T19:10:19.840395Z", "fetched_at": "2025-07-14T19:10:50.418883+00:00", "symbol": "BTC-USD"}, {"trade_id": 848967326, "side": "buy", "size": "0.00005944", "price": "120007.39000000", "time": "2025-07-14T19:10:19.810237Z", "fetched_at": "2025-07-14T19:10:50.418883+00:00", "symbol": "BTC-USD"}, {"trade_id": 848967325, "side": "sell", "size": "0.00000099", "price": "120007.40000000", "time": "2025-07-14T19:10:19.735417Z", "fetched_at": "2025-07-14T19:10:50.418883+00:00", "symbol": "BTC-USD"}, {"trade_id": 848967324, "side": "buy", "size": "0.00005944", "price": "120008.73000000", "time": "2025-07-14T19:10:19.681452Z", "fetched_at": "2025-07-14T19:10:50.418883+00:00", "symbol": "BTC-USD"}, {"trade_id": 848967323, "side": "buy", "size": "0.45911311", "price": "120008.73000000", "time": "2025-07-14T19:10:19.681452Z", "fetched_at": "2025-07-14T19:10:50.418883+00:00", "symbol": "BTC-USD"}, {"trade_id": 848967322, "side": "buy", "size": "0.14688689", "price": "120008.73000000", "time": "2025-07-14T19:10:19.606556Z", "fetched_at": "2025-07-14T19:10:50.418883+00:00", "symbol": "BTC-USD"}, {"trade_id": 848967321, "side": "sell", "size": "0.00000099", "price": "120008.74000000", "time": "2025-07-14T19:10:19.565434Z", "fetched_at": "2025-07-14T19:10:50.418883+00:00", "symbol": "BTC-USD"}, {"trade_id": 848967320, "side": "buy", "size": "0.00005944", "price": "120008.73000000", "time": "2025-07-14T19:10:19.541795Z", "fetched_at": "2025-07-14T19:10:50.418883+00:00", "symbol": "BTC-USD"}, {"trade_id": 848967319, "side": "buy", "size": "0.00000900", "price": "120008.73000000", "time": "2025-07-14T19:10:19.541795Z", "fetched_at": "2025-07-14T19:10:50.418883+00:00", "symbol": "BTC-USD"}, {"trade_id": 848967318, "side": "sell", "size": "0.35511573", "price": "120008.96000000", "time": "2025-07-14T19:10:19.318655Z", "fetched_at": "2025-07-14T19:10:50.418883+00:00", "symbol": "BTC-USD"}, {"trade_id": 848967317, "side": "sell", "size": "0.60068526", "price": "120008.95000000", "time": "2025-07-14T19:10:19.318655Z", "fetched_at": "2025-07-14T19:10:50.418883+00:00", "symbol": "BTC-USD"}, {"trade_id": 848967316, "side": "sell", "size": "0.03500000", "price": "120008.95000000", "time": "2025-07-14T19:10:19.318655Z", "fetched_at": "2025-07-14T19:10:50.418883+00:00", "symbol": "BTC-USD"}, {"trade_id": 848967315, "side": "sell", "size": "0.01000000", "price": "120008.95000000", "time": "2025-07-14T19:10:19.318655Z", "fetched_at": "2025-07-14T19:10:50.418883+00:00", "symbol": "BTC-USD"}, {"trade_id": 848967314, "side": "sell", "size": "0.00999901", "price": "120008.95000000", "time": "2025-07-14T19:10:19.318655Z", "fetched_at": "2025-07-14T19:10:50.418883+00:00", "symbol": "BTC-USD"}, {"trade_id": 848967313, "side": "sell", "size": "0.00000099", "price": "120008.95000000", "time": "2025-07-14T19:10:19.314551Z", "fetched_at": "2025-07-14T19:10:50.418883+00:00", "symbol": "BTC-USD"}, {"trade_id": 848967312, "side": "buy", "size": "0.00000116", "price": "120009.15000000", "time": "2025-07-14T19:10:19.293148Z", "fetched_at": "2025-07-14T19:10:50.418883+00:00", "symbol": "BTC-USD"}, {"trade_id": 848967311, "side": "buy", "size": "0.00005944", "price": "120009.15000000", "time": "2025-07-14T19:10:19.293148Z", "fetched_at": "2025-07-14T19:10:50.418883+00:00", "symbol": "BTC-USD"}, {"trade_id": 848967310, "side": "buy", "size": "0.01000000", "price": "120009.56000000", "time": "2025-07-14T19:10:19.121501Z", "fetched_at": "2025-07-14T19:10:50.418883+00:00", "symbol": "BTC-USD"}, {"trade_id": 848967309, "side": "buy", "size": "0.00005944", "price": "120009.56000000", "time": "2025-07-14T19:10:19.121501Z", "fetched_at": "2025-07-14T19:10:50.418883+00:00", "symbol": "BTC-USD"}, {"trade_id": 848967308, "side": "buy", "size": "0.01000000", "price": "120009.56000000", "time": "2025-07-14T19:10:19.121501Z", "fetched_at": "2025-07-14T19:10:50.418883+00:00", "symbol": "BTC-USD"}, {"trade_id": 848967307, "side": "sell", "size": "0.83403370", "price": "120009.57000000", "time": "2025-07-14T19:10:19.105201Z", "fetched_at": "2025-07-14T19:10:50.418883+00:00", "symbol": "BTC-USD"}, {"trade_id": 848967306, "side": "sell", "size": "0.04686630", "price": "120009.56000000", "time": "2025-07-14T19:10:19.105201Z", "fetched_at": "2025-07-14T19:10:50.418883+00:00", "symbol": "BTC-USD"}, {"trade_id": 848967305, "side": "buy", "size": "0.00005944", "price": "120010.38000000", "time": "2025-07-14T19:10:19.057995Z", "fetched_at": "2025-07-14T19:10:50.418883+00:00", "symbol": "BTC-USD"}, {"trade_id": 848967304, "side": "buy", "size": "0.01656345", "price": "120008.75000000", "time": "2025-07-14T19:10:18.997176Z", "fetched_at": "2025-07-14T19:10:50.418883+00:00", "symbol": "BTC-USD"}, {"trade_id": 848967303, "side": "buy", "size": "0.00005944", "price": "120011.11000000", "time": "2025-07-14T19:10:18.997176Z", "fetched_at": "2025-07-14T19:10:50.418883+00:00", "symbol": "BTC-USD"}, {"trade_id": 848967302, "side": "buy", "size": "0.00005944", "price": "120013.49000000", "time": "2025-07-14T19:10:18.918421Z", "fetched_at": "2025-07-14T19:10:50.418883+00:00", "symbol": "BTC-USD"}, {"trade_id": 848967301, "side": "buy", "size": "0.00002390", "price": "120008.75000000", "time": "2025-07-14T19:10:18.855197Z", "fetched_at": "2025-07-14T19:10:50.418883+00:00", "symbol": "BTC-USD"}, {"trade_id": 848967300, "side": "buy", "size": "0.00005944", "price": "120013.49000000", "time": "2025-07-14T19:10:18.855197Z", "fetched_at": "2025-07-14T19:10:50.418883+00:00", "symbol": "BTC-USD"}, {"trade_id": 848967299, "side": "buy", "size": "0.00005944", "price": "120018.26000000", "time": "2025-07-14T19:10:18.800456Z", "fetched_at": "2025-07-14T19:10:50.418883+00:00", "symbol": "BTC-USD"}, {"trade_id": 848967298, "side": "buy", "size": "0.24770559", "price": "120017.69000000", "time": "2025-07-14T19:10:18.608460Z", "fetched_at": "2025-07-14T19:10:50.418883+00:00", "symbol": "BTC-USD"}, {"trade_id": 848967297, "side": "buy", "size": "0.00833209", "price": "120017.85000000", "time": "2025-07-14T19:10:18.608460Z", "fetched_at": "2025-07-14T19:10:50.418883+00:00", "symbol": "BTC-USD"}, {"trade_id": 848967296, "side": "buy", "size": "0.00005944", "price": "120019.65000000", "time": "2025-07-14T19:10:18.608460Z", "fetched_at": "2025-07-14T19:10:50.418883+00:00", "symbol": "BTC-USD"}, {"trade_id": 848967295, "side": "buy", "size": "0.00746050", "price": "120019.65000000", "time": "2025-07-14T19:10:18.608460Z", "fetched_at": "2025-07-14T19:10:50.418883+00:00", "symbol": "BTC-USD"}, {"trade_id": 848967294, "side": "sell", "size": "0.00002057", "price": "120019.66000000", "time": "2025-07-14T19:10:18.572766Z", "fetched_at": "2025-07-14T19:10:50.418883+00:00", "symbol": "BTC-USD"}, {"trade_id": 848967293, "side": "buy", "size": "0.35083391", "price": "120019.65000000", "time": "2025-07-14T19:10:18.521332Z", "fetched_at": "2025-07-14T19:10:50.418883+00:00", "symbol": "BTC-USD"}, {"trade_id": 848967292, "side": "buy", "size": "0.00005944", "price": "120019.65000000", "time": "2025-07-14T19:10:18.521332Z", "fetched_at": "2025-07-14T19:10:50.418883+00:00", "symbol": "BTC-USD"}, {"trade_id": 848967291, "side": "sell", "size": "0.00052612", "price": "120019.66000000", "time": "2025-07-14T19:10:18.481277Z", "fetched_at": "2025-07-14T19:10:50.418883+00:00", "symbol": "BTC-USD"}, {"trade_id": 848967290, "side": "sell", "size": "0.00006200", "price": "120019.46000000", "time": "2025-07-14T19:10:18.356856Z", "fetched_at": "2025-07-14T19:10:50.418883+00:00", "symbol": "BTC-USD"}, {"trade_id": 848967289, "side": "sell", "size": "0.00233329", "price": "120019.47000000", "time": "2025-07-14T19:10:18.345060Z", "fetched_at": "2025-07-14T19:10:50.418883+00:00", "symbol": "BTC-USD"}, {"trade_id": 848967288, "side": "buy", "size": "0.00835385", "price": "120017.69000000", "time": "2025-07-14T19:10:18.326093Z", "fetched_at": "2025-07-14T19:10:50.418883+00:00", "symbol": "BTC-USD"}, {"trade_id": 848967287, "side": "buy", "size": "0.00005944", "price": "120019.66000000", "time": "2025-07-14T19:10:18.326093Z", "fetched_at": "2025-07-14T19:10:50.418883+00:00", "symbol": "BTC-USD"}, {"trade_id": 848967286, "side": "buy", "size": "0.00005944", "price": "120021.39000000", "time": "2025-07-14T19:10:18.148588Z", "fetched_at": "2025-07-14T19:10:50.418883+00:00", "symbol": "BTC-USD"}, {"trade_id": 848967285, "side": "sell", "size": "0.00485691", "price": "120019.68000000", "time": "2025-07-14T19:10:18.082021Z", "fetched_at": "2025-07-14T19:10:50.418883+00:00", "symbol": "BTC-USD"}, {"trade_id": 848967284, "side": "buy", "size": "0.25000000", "price": "120017.69000000", "time": "2025-07-14T19:10:17.698727Z", "fetched_at": "2025-07-14T19:10:50.418883+00:00", "symbol": "BTC-USD"}, {"trade_id": 848967283, "side": "buy", "size": "0.05000000", "price": "120017.69000000", "time": "2025-07-14T19:10:17.698177Z", "fetched_at": "2025-07-14T19:10:50.418883+00:00", "symbol": "BTC-USD"}, {"trade_id": 848967282, "side": "buy", "size": "0.04994056", "price": "120017.69000000", "time": "2025-07-14T19:10:17.697867Z", "fetched_at": "2025-07-14T19:10:50.418883+00:00", "symbol": "BTC-USD"}, {"trade_id": 848967281, "side": "buy", "size": "0.00005944", "price": "120019.67000000", "time": "2025-07-14T19:10:17.697867Z", "fetched_at": "2025-07-14T19:10:50.418883+00:00", "symbol": "BTC-USD"}, {"trade_id": 848967280, "side": "sell", "size": "0.51660274", "price": "120019.68000000", "time": "2025-07-14T19:10:17.444919Z", "fetched_at": "2025-07-14T19:10:50.418883+00:00", "symbol": "BTC-USD"}, {"trade_id": 848967279, "side": "sell", "size": "0.01894598", "price": "120019.66000000", "time": "2025-07-14T19:10:17.444919Z", "fetched_at": "2025-07-14T19:10:50.418883+00:00", "symbol": "BTC-USD"}, {"trade_id": 848967278, "side": "sell", "size": "0.02000000", "price": "120019.65000000", "time": "2025-07-14T19:10:17.444919Z", "fetched_at": "2025-07-14T19:10:50.418883+00:00", "symbol": "BTC-USD"}, {"trade_id": 848967277, "side": "sell", "size": "0.02000000", "price": "120019.64000000", "time": "2025-07-14T19:10:17.444919Z", "fetched_at": "2025-07-14T19:10:50.418883+00:00", "symbol": "BTC-USD"}, {"trade_id": 848967276, "side": "sell", "size": "0.01000000", "price": "120019.62000000", "time": "2025-07-14T19:10:17.444919Z", "fetched_at": "2025-07-14T19:10:50.418883+00:00", "symbol": "BTC-USD"}, {"trade_id": 848967275, "side": "sell", "size": "0.01000000", "price": "120019.61000000", "time": "2025-07-14T19:10:17.444919Z", "fetched_at": "2025-07-14T19:10:50.418883+00:00", "symbol": "BTC-USD"}, {"trade_id": 848967274, "side": "sell", "size": "0.00833198", "price": "120019.50000000", "time": "2025-07-14T19:10:17.444919Z", "fetched_at": "2025-07-14T19:10:50.418883+00:00", "symbol": "BTC-USD"}, {"trade_id": 848967273, "side": "sell", "size": "0.01459141", "price": "120019.49000000", "time": "2025-07-14T19:10:17.444919Z", "fetched_at": "2025-07-14T19:10:50.418883+00:00", "symbol": "BTC-USD"}, {"trade_id": 848967272, "side": "sell", "size": "0.00112624", "price": "120018.47000000", "time": "2025-07-14T19:10:17.444919Z", "fetched_at": "2025-07-14T19:10:50.418883+00:00", "symbol": "BTC-USD"}, {"trade_id": 848967271, "side": "sell", "size": "0.00150165", "price": "120017.70000000", "time": "2025-07-14T19:10:17.444919Z", "fetched_at": "2025-07-14T19:10:50.418883+00:00", "symbol": "BTC-USD"}, {"trade_id": 848967270, "side": "buy", "size": "0.00008714", "price": "120012.90000000", "time": "2025-07-14T19:10:17.378345Z", "fetched_at": "2025-07-14T19:10:50.418883+00:00", "symbol": "BTC-USD"}, {"trade_id": 848967269, "side": "buy", "size": "0.00005944", "price": "120019.62000000", "time": "2025-07-14T19:10:17.378345Z", "fetched_at": "2025-07-14T19:10:50.418883+00:00", "symbol": "BTC-USD"}, {"trade_id": 848967268, "side": "buy", "size": "0.04160821", "price": "120007.44000000", "time": "2025-07-14T19:10:17.300703Z", "fetched_at": "2025-07-14T19:10:50.418883+00:00", "symbol": "BTC-USD"}, {"trade_id": 848967267, "side": "buy", "size": "0.00833235", "price": "120014.08000000", "time": "2025-07-14T19:10:17.300703Z", "fetched_at": "2025-07-14T19:10:50.418883+00:00", "symbol": "BTC-USD"}, {"trade_id": 848967266, "side": "buy", "size": "0.00005944", "price": "120016.52000000", "time": "2025-07-14T19:10:17.300703Z", "fetched_at": "2025-07-14T19:10:50.418883+00:00", "symbol": "BTC-USD"}, {"trade_id": 848967265, "side": "buy", "size": "0.00005944", "price": "120019.67000000", "time": "2025-07-14T19:10:17.259327Z", "fetched_at": "2025-07-14T19:10:50.418883+00:00", "symbol": "BTC-USD"}, {"trade_id": 848967264, "side": "buy", "size": "0.02937159", "price": "120004.87000000", "time": "2025-07-14T19:10:17.092096Z", "fetched_at": "2025-07-14T19:10:50.418883+00:00", "symbol": "BTC-USD"}, {"trade_id": 848967263, "side": "buy", "size": "0.00803818", "price": "120004.87000000", "time": "2025-07-14T19:10:17.092096Z", "fetched_at": "2025-07-14T19:10:50.418883+00:00", "symbol": "BTC-USD"}, {"trade_id": 848967262, "side": "buy", "size": "0.01000000", "price": "120004.87000000", "time": "2025-07-14T19:10:17.092096Z", "fetched_at": "2025-07-14T19:10:50.418883+00:00", "symbol": "BTC-USD"}, {"trade_id": 848967261, "side": "buy", "size": "0.00259023", "price": "120005.85000000", "time": "2025-07-14T19:10:17.092096Z", "fetched_at": "2025-07-14T19:10:50.418883+00:00", "symbol": "BTC-USD"}, {"trade_id": 848967260, "side": "buy", "size": "0.01663632", "price": "120005.85000000", "time": "2025-07-14T19:10:17.091953Z", "fetched_at": "2025-07-14T19:10:50.418883+00:00", "symbol": "BTC-USD"}, {"trade_id": 848967259, "side": "buy", "size": "0.01663951", "price": "120006.00000000", "time": "2025-07-14T19:10:17.091953Z", "fetched_at": "2025-07-14T19:10:50.418883+00:00", "symbol": "BTC-USD"}, {"trade_id": 848967258, "side": "buy", "size": "0.00833245", "price": "120012.60000000", "time": "2025-07-14T19:10:17.091953Z", "fetched_at": "2025-07-14T19:10:50.418883+00:00", "symbol": "BTC-USD"}, {"trade_id": 848967257, "side": "buy", "size": "0.00833228", "price": "120015.13000000", "time": "2025-07-14T19:10:17.091953Z", "fetched_at": "2025-07-14T19:10:50.418883+00:00", "symbol": "BTC-USD"}, {"trade_id": 848967256, "side": "buy", "size": "0.00005944", "price": "120019.67000000", "time": "2025-07-14T19:10:17.091953Z", "fetched_at": "2025-07-14T19:10:50.418883+00:00", "symbol": "BTC-USD"}, {"trade_id": 848967255, "side": "buy", "size": "0.00001000", "price": "120020.03000000", "time": "2025-07-14T19:10:17.036492Z", "fetched_at": "2025-07-14T19:10:50.418883+00:00", "symbol": "BTC-USD"}, {"trade_id": 848967254, "side": "buy", "size": "0.00005943", "price": "120022.18000000", "time": "2025-07-14T19:10:17.036492Z", "fetched_at": "2025-07-14T19:10:50.418883+00:00", "symbol": "BTC-USD"}, {"trade_id": 848967253, "side": "sell", "size": "0.00215544", "price": "120020.20000000", "time": "2025-07-14T19:10:16.921611Z", "fetched_at": "2025-07-14T19:10:50.418883+00:00", "symbol": "BTC-USD"}, {"trade_id": 848967252, "side": "buy", "size": "0.00408615", "price": "120004.80000000", "time": "2025-07-14T19:10:16.885420Z", "fetched_at": "2025-07-14T19:10:50.418883+00:00", "symbol": "BTC-USD"}, {"trade_id": 848967251, "side": "buy", "size": "0.04591385", "price": "120004.81000000", "time": "2025-07-14T19:10:16.885420Z", "fetched_at": "2025-07-14T19:10:50.418883+00:00", "symbol": "BTC-USD"}, {"trade_id": 848967250, "side": "buy", "size": "0.01378393", "price": "120004.81000000", "time": "2025-07-14T19:10:16.885307Z", "fetched_at": "2025-07-14T19:10:50.418883+00:00", "symbol": "BTC-USD"}, {"trade_id": 848967249, "side": "buy", "size": "0.00333375", "price": "120007.46000000", "time": "2025-07-14T19:10:16.885307Z", "fetched_at": "2025-07-14T19:10:50.418883+00:00", "symbol": "BTC-USD"}, {"trade_id": 848967248, "side": "buy", "size": "0.00384950", "price": "120012.82000000", "time": "2025-07-14T19:10:16.885307Z", "fetched_at": "2025-07-14T19:10:50.418883+00:00", "symbol": "BTC-USD"}, {"trade_id": 848967247, "side": "buy", "size": "0.00833242", "price": "120013.06000000", "time": "2025-07-14T19:10:16.885307Z", "fetched_at": "2025-07-14T19:10:50.418883+00:00", "symbol": "BTC-USD"}, {"trade_id": 848967246, "side": "buy", "size": "0.00833238", "price": "120013.72000000", "time": "2025-07-14T19:10:16.885307Z", "fetched_at": "2025-07-14T19:10:50.418883+00:00", "symbol": "BTC-USD"}, {"trade_id": 848967245, "side": "buy", "size": "0.01230858", "price": "120013.73000000", "time": "2025-07-14T19:10:16.885307Z", "fetched_at": "2025-07-14T19:10:50.418883+00:00", "symbol": "BTC-USD"}, {"trade_id": 848967244, "side": "buy", "size": "0.00005944", "price": "120020.38000000", "time": "2025-07-14T19:10:16.885307Z", "fetched_at": "2025-07-14T19:10:50.418883+00:00", "symbol": "BTC-USD"}, {"trade_id": 848967243, "side": "buy", "size": "0.02020155", "price": "120012.81000000", "time": "2025-07-14T19:10:16.678425Z", "fetched_at": "2025-07-14T19:10:50.418883+00:00", "symbol": "BTC-USD"}, {"trade_id": 848967242, "side": "buy", "size": "0.02979845", "price": "120012.82000000", "time": "2025-07-14T19:10:16.678425Z", "fetched_at": "2025-07-14T19:10:50.418883+00:00", "symbol": "BTC-USD"}, {"trade_id": 848967241, "side": "buy", "size": "0.02625355", "price": "120012.82000000", "time": "2025-07-14T19:10:16.678408Z", "fetched_at": "2025-07-14T19:10:50.418883+00:00", "symbol": "BTC-USD"}, {"trade_id": 848967240, "side": "buy", "size": "0.00001000", "price": "120015.00000000", "time": "2025-07-14T19:10:16.678408Z", "fetched_at": "2025-07-14T19:10:50.418883+00:00", "symbol": "BTC-USD"}, {"trade_id": 848967239, "side": "buy", "size": "0.01471315", "price": "120016.63000000", "time": "2025-07-14T19:10:16.678408Z", "fetched_at": "2025-07-14T19:10:50.418883+00:00", "symbol": "BTC-USD"}, {"trade_id": 848967238, "side": "buy", "size": "0.00882789", "price": "120016.64000000", "time": "2025-07-14T19:10:16.678408Z", "fetched_at": "2025-07-14T19:10:50.418883+00:00", "symbol": "BTC-USD"}, {"trade_id": 848967237, "side": "buy", "size": "0.00012348", "price": "120019.12000000", "time": "2025-07-14T19:10:16.678408Z", "fetched_at": "2025-07-14T19:10:50.418883+00:00", "symbol": "BTC-USD"}, {"trade_id": 848967236, "side": "buy", "size": "0.00001250", "price": "120020.47000000", "time": "2025-07-14T19:10:16.678408Z", "fetched_at": "2025-07-14T19:10:50.418883+00:00", "symbol": "BTC-USD"}, {"trade_id": 848967235, "side": "buy", "size": "0.00005943", "price": "120028.53000000", "time": "2025-07-14T19:10:16.678408Z", "fetched_at": "2025-07-14T19:10:50.418883+00:00", "symbol": "BTC-USD"}, {"trade_id": 848967234, "side": "sell", "size": "0.00042000", "price": "120027.77000000", "time": "2025-07-14T19:10:16.462821Z", "fetched_at": "2025-07-14T19:10:50.418883+00:00", "symbol": "BTC-USD"}, {"trade_id": 848967233, "side": "buy", "size": "0.00518733", "price": "120021.79000000", "time": "2025-07-14T19:10:16.449432Z", "fetched_at": "2025-07-14T19:10:50.418883+00:00", "symbol": "BTC-USD"}, {"trade_id": 848967232, "side": "buy", "size": "0.00001000", "price": "120024.00000000", "time": "2025-07-14T19:10:16.449432Z", "fetched_at": "2025-07-14T19:10:50.418883+00:00", "symbol": "BTC-USD"}, {"trade_id": 848967231, "side": "buy", "size": "0.00832988", "price": "120028.35000000", "time": "2025-07-14T19:10:16.449432Z", "fetched_at": "2025-07-14T19:10:50.418883+00:00", "symbol": "BTC-USD"}, {"trade_id": 848967230, "side": "buy", "size": "0.04700000", "price": "120029.93000000", "time": "2025-07-14T19:10:16.449432Z", "fetched_at": "2025-07-14T19:10:50.418883+00:00", "symbol": "BTC-USD"}, {"trade_id": 848967229, "side": "buy", "size": "0.03171859", "price": "120030.88000000", "time": "2025-07-14T19:10:16.449432Z", "fetched_at": "2025-07-14T19:10:50.418883+00:00", "symbol": "BTC-USD"}, {"trade_id": 848967228, "side": "buy", "size": "0.01635427", "price": "120031.69000000", "time": "2025-07-14T19:10:16.449432Z", "fetched_at": "2025-07-14T19:10:50.418883+00:00", "symbol": "BTC-USD"}, {"trade_id": 848967227, "side": "buy", "size": "0.07313469", "price": "120033.55000000", "time": "2025-07-14T19:10:16.449432Z", "fetched_at": "2025-07-14T19:10:50.418883+00:00", "symbol": "BTC-USD"}, {"trade_id": 848967226, "side": "buy", "size": "0.03140247", "price": "120037.07000000", "time": "2025-07-14T19:10:16.449432Z", "fetched_at": "2025-07-14T19:10:50.418883+00:00", "symbol": "BTC-USD"}, {"trade_id": 848967225, "side": "buy", "size": "0.09503496", "price": "120038.23000000", "time": "2025-07-14T19:10:16.449432Z", "fetched_at": "2025-07-14T19:10:50.418883+00:00", "symbol": "BTC-USD"}, {"trade_id": 848967224, "side": "buy", "size": "0.16782381", "price": "120038.24000000", "time": "2025-07-14T19:10:16.449432Z", "fetched_at": "2025-07-14T19:10:50.418883+00:00", "symbol": "BTC-USD"}, {"trade_id": 848967223, "side": "buy", "size": "0.04400000", "price": "120039.07000000", "time": "2025-07-14T19:10:16.449432Z", "fetched_at": "2025-07-14T19:10:50.418883+00:00", "symbol": "BTC-USD"}, {"trade_id": 848967222, "side": "buy", "size": "0.04002248", "price": "120046.36000000", "time": "2025-07-14T19:10:16.449432Z", "fetched_at": "2025-07-14T19:10:50.418883+00:00", "symbol": "BTC-USD"}, {"trade_id": 848967221, "side": "buy", "size": "0.10122703", "price": "120047.75000000", "time": "2025-07-14T19:10:16.448319Z", "fetched_at": "2025-07-14T19:10:50.418883+00:00", "symbol": "BTC-USD"}, {"trade_id": 848967220, "side": "buy", "size": "0.20688355", "price": "120047.75000000", "time": "2025-07-14T19:10:16.448043Z", "fetched_at": "2025-07-14T19:10:50.418883+00:00", "symbol": "BTC-USD"}, {"trade_id": 848967219, "side": "buy", "size": "0.29788942", "price": "120047.75000000", "time": "2025-07-14T19:10:16.444192Z", "fetched_at": "2025-07-14T19:10:50.418883+00:00", "symbol": "BTC-USD"}, {"trade_id": 848967218, "side": "buy", "size": "0.04600000", "price": "120048.21000000", "time": "2025-07-14T19:10:16.444192Z", "fetched_at": "2025-07-14T19:10:50.418883+00:00", "symbol": "BTC-USD"}, {"trade_id": 848967217, "side": "buy", "size": "0.00087714", "price": "120049.72000000", "time": "2025-07-14T19:10:16.444192Z", "fetched_at": "2025-07-14T19:10:50.418883+00:00", "symbol": "BTC-USD"}, {"trade_id": 848967216, "side": "buy", "size": "0.00745274", "price": "120049.72000000", "time": "2025-07-14T19:10:16.444153Z", "fetched_at": "2025-07-14T19:10:50.418883+00:00", "symbol": "BTC-USD"}, {"trade_id": 848967215, "side": "buy", "size": "0.00148300", "price": "120051.50000000", "time": "2025-07-14T19:10:16.444153Z", "fetched_at": "2025-07-14T19:10:50.418883+00:00", "symbol": "BTC-USD"}, {"trade_id": 848967214, "side": "buy", "size": "0.00005964", "price": "120051.52000000", "time": "2025-07-14T19:10:16.444153Z", "fetched_at": "2025-07-14T19:10:50.418883+00:00", "symbol": "BTC-USD"}, {"trade_id": 848967213, "side": "buy", "size": "0.01354793", "price": "120051.52000000", "time": "2025-07-14T19:10:14.762147Z", "fetched_at": "2025-07-14T19:10:50.418883+00:00", "symbol": "BTC-USD"}, {"trade_id": 848967212, "side": "buy", "size": "0.00007356", "price": "120051.52000000", "time": "2025-07-14T19:10:14.762147Z", "fetched_at": "2025-07-14T19:10:50.418883+00:00", "symbol": "BTC-USD"}, {"trade_id": 848967211, "side": "sell", "size": "0.06071007", "price": "120051.53000000", "time": "2025-07-14T19:10:14.619971Z", "fetched_at": "2025-07-14T19:10:50.418883+00:00", "symbol": "BTC-USD"}, {"trade_id": 848967210, "side": "buy", "size": "0.00188100", "price": "120051.50000000", "time": "2025-07-14T19:10:14.265896Z", "fetched_at": "2025-07-14T19:10:50.418883+00:00", "symbol": "BTC-USD"}, {"trade_id": 848967209, "side": "buy", "size": "0.00000174", "price": "120051.52000000", "time": "2025-07-14T19:10:14.265896Z", "fetched_at": "2025-07-14T19:10:50.418883+00:00", "symbol": "BTC-USD"}, {"trade_id": 848967208, "side": "buy", "size": "0.00007356", "price": "120051.52000000", "time": "2025-07-14T19:10:14.265896Z", "fetched_at": "2025-07-14T19:10:50.418883+00:00", "symbol": "BTC-USD"}, {"trade_id": 848967207, "side": "sell", "size": "0.00001461", "price": "120051.53000000", "time": "2025-07-14T19:10:13.861108Z", "fetched_at": "2025-07-14T19:10:50.418883+00:00", "symbol": "BTC-USD"}, {"trade_id": 848967206, "side": "sell", "size": "0.00144410", "price": "120051.53000000", "time": "2025-07-14T19:10:13.854131Z", "fetched_at": "2025-07-14T19:10:50.418883+00:00", "symbol": "BTC-USD"}, {"trade_id": 848967205, "side": "sell", "size": "0.00002305", "price": "120051.53000000", "time": "2025-07-14T19:10:13.603606Z", "fetched_at": "2025-07-14T19:10:50.418883+00:00", "symbol": "BTC-USD"}, {"trade_id": 848967204, "side": "buy", "size": "0.00532244", "price": "120049.72000000", "time": "2025-07-14T19:10:13.602208Z", "fetched_at": "2025-07-14T19:10:50.418883+00:00", "symbol": "BTC-USD"}, {"trade_id": 848967203, "side": "buy", "size": "0.00260400", "price": "120051.50000000", "time": "2025-07-14T19:10:13.602208Z", "fetched_at": "2025-07-14T19:10:50.418883+00:00", "symbol": "BTC-USD"}, {"trade_id": 848967202, "side": "buy", "size": "0.00007356", "price": "120051.52000000", "time": "2025-07-14T19:10:13.602208Z", "fetched_at": "2025-07-14T19:10:50.418883+00:00", "symbol": "BTC-USD"}, {"trade_id": 848967201, "side": "buy", "size": "0.00004568", "price": "120051.52000000", "time": "2025-07-14T19:10:13.551686Z", "fetched_at": "2025-07-14T19:10:50.418883+00:00", "symbol": "BTC-USD"}, {"trade_id": 848967200, "side": "sell", "size": "0.00823096", "price": "120051.53000000", "time": "2025-07-14T19:10:13.356606Z", "fetched_at": "2025-07-14T19:10:50.418883+00:00", "symbol": "BTC-USD"}, {"trade_id": 848967199, "side": "sell", "size": "0.00082457", "price": "120051.53000000", "time": "2025-07-14T19:10:13.320711Z", "fetched_at": "2025-07-14T19:10:50.418883+00:00", "symbol": "BTC-USD"}, {"trade_id": 848967198, "side": "buy", "size": "0.00000099", "price": "120051.52000000", "time": "2025-07-14T19:10:13.161063Z", "fetched_at": "2025-07-14T19:10:50.418883+00:00", "symbol": "BTC-USD"}, {"trade_id": 848967197, "side": "buy", "size": "0.00000099", "price": "120051.52000000", "time": "2025-07-14T19:10:13.160984Z", "fetched_at": "2025-07-14T19:10:50.418883+00:00", "symbol": "BTC-USD"}, {"trade_id": 848967196, "side": "sell", "size": "0.00146966", "price": "120051.53000000", "time": "2025-07-14T19:10:13.151865Z", "fetched_at": "2025-07-14T19:10:50.418883+00:00", "symbol": "BTC-USD"}, {"trade_id": 848967195, "side": "sell", "size": "0.00296807", "price": "120051.48000000", "time": "2025-07-14T19:10:12.411974Z", "fetched_at": "2025-07-14T19:10:50.418883+00:00", "symbol": "BTC-USD"}, {"trade_id": 848967194, "side": "sell", "size": "0.00612853", "price": "120051.64000000", "time": "2025-07-14T19:10:12.292333Z", "fetched_at": "2025-07-14T19:10:50.418883+00:00", "symbol": "BTC-USD"}, {"trade_id": 848967193, "side": "sell", "size": "0.00005697", "price": "120049.85000000", "time": "2025-07-14T19:10:12.292333Z", "fetched_at": "2025-07-14T19:10:50.418883+00:00", "symbol": "BTC-USD"}, {"trade_id": 848967192, "side": "sell", "size": "0.00109270", "price": "120049.85000000", "time": "2025-07-14T19:10:12.188386Z", "fetched_at": "2025-07-14T19:10:50.418883+00:00", "symbol": "BTC-USD"}, {"trade_id": 848967191, "side": "sell", "size": "0.00161864", "price": "120049.84000000", "time": "2025-07-14T19:10:11.719262Z", "fetched_at": "2025-07-14T19:10:50.418883+00:00", "symbol": "BTC-USD"}, {"trade_id": 848967190, "side": "buy", "size": "0.00007356", "price": "120051.47000000", "time": "2025-07-14T19:10:11.473724Z", "fetched_at": "2025-07-14T19:10:50.418883+00:00", "symbol": "BTC-USD"}, {"trade_id": 848967189, "side": "sell", "size": "0.00000099", "price": "120051.48000000", "time": "2025-07-14T19:10:11.415945Z", "fetched_at": "2025-07-14T19:10:50.418883+00:00", "symbol": "BTC-USD"}, {"trade_id": 848967188, "side": "buy", "size": "0.03500000", "price": "120051.49000000", "time": "2025-07-14T19:10:11.406900Z", "fetched_at": "2025-07-14T19:10:50.418883+00:00", "symbol": "BTC-USD"}, {"trade_id": 848967187, "side": "buy", "size": "0.00007356", "price": "120051.49000000", "time": "2025-07-14T19:10:11.406533Z", "fetched_at": "2025-07-14T19:10:50.418883+00:00", "symbol": "BTC-USD"}, {"trade_id": 848967186, "side": "sell", "size": "0.15170771", "price": "120051.50000000", "time": "2025-07-14T19:10:11.396523Z", "fetched_at": "2025-07-14T19:10:50.418883+00:00", "symbol": "BTC-USD"}, {"trade_id": 848967185, "side": "sell", "size": "0.00543000", "price": "120051.50000000", "time": "2025-07-14T19:10:11.396523Z", "fetched_at": "2025-07-14T19:10:50.418883+00:00", "symbol": "BTC-USD"}, {"trade_id": 848967184, "side": "sell", "size": "0.00265691", "price": "120051.50000000", "time": "2025-07-14T19:10:11.396523Z", "fetched_at": "2025-07-14T19:10:50.418883+00:00", "symbol": "BTC-USD"}, {"trade_id": 848967183, "side": "sell", "size": "0.03751089", "price": "120051.49000000", "time": "2025-07-14T19:10:11.396523Z", "fetched_at": "2025-07-14T19:10:50.418883+00:00", "symbol": "BTC-USD"}, {"trade_id": 848967182, "side": "sell", "size": "0.00504445", "price": "120051.49000000", "time": "2025-07-14T19:10:11.396523Z", "fetched_at": "2025-07-14T19:10:50.418883+00:00", "symbol": "BTC-USD"}, {"trade_id": 848967181, "side": "buy", "size": "0.00007356", "price": "120051.49000000", "time": "2025-07-14T19:10:11.191449Z", "fetched_at": "2025-07-14T19:10:50.418883+00:00", "symbol": "BTC-USD"}, {"trade_id": 848967180, "side": "sell", "size": "0.00000099", "price": "120051.50000000", "time": "2025-07-14T19:10:11.095775Z", "fetched_at": "2025-07-14T19:10:50.418883+00:00", "symbol": "BTC-USD"}, {"trade_id": 848967179, "side": "buy", "size": "0.00007356", "price": "120051.49000000", "time": "2025-07-14T19:10:10.962291Z", "fetched_at": "2025-07-14T19:10:50.418883+00:00", "symbol": "BTC-USD"}, {"trade_id": 848967178, "side": "buy", "size": "0.00007356", "price": "120051.94000000", "time": "2025-07-14T19:10:10.915351Z", "fetched_at": "2025-07-14T19:10:50.418883+00:00", "symbol": "BTC-USD"}, {"trade_id": 848967177, "side": "buy", "size": "0.00345600", "price": "120051.94000000", "time": "2025-07-14T19:10:10.915351Z", "fetched_at": "2025-07-14T19:10:50.418883+00:00", "symbol": "BTC-USD"}, {"trade_id": 848967176, "side": "sell", "size": "0.00000099", "price": "120051.95000000", "time": "2025-07-14T19:10:10.887070Z", "fetched_at": "2025-07-14T19:10:50.418883+00:00", "symbol": "BTC-USD"}, {"trade_id": 848967175, "side": "buy", "size": "0.00007356", "price": "120051.96000000", "time": "2025-07-14T19:10:10.855257Z", "fetched_at": "2025-07-14T19:10:50.418883+00:00", "symbol": "BTC-USD"}, {"trade_id": 848967174, "side": "buy", "size": "0.00007356", "price": "120051.96000000", "time": "2025-07-14T19:10:10.757881Z", "fetched_at": "2025-07-14T19:10:50.418883+00:00", "symbol": "BTC-USD"}, {"trade_id": 848967173, "side": "sell", "size": "0.00000099", "price": "120051.22000000", "time": "2025-07-14T19:10:10.615897Z", "fetched_at": "2025-07-14T19:10:50.418883+00:00", "symbol": "BTC-USD"}, {"trade_id": 848967172, "side": "sell", "size": "0.00000099", "price": "120051.22000000", "time": "2025-07-14T19:10:10.506113Z", "fetched_at": "2025-07-14T19:10:50.418883+00:00", "symbol": "BTC-USD"}, {"trade_id": 848967171, "side": "sell", "size": "0.00000099", "price": "120051.22000000", "time": "2025-07-14T19:10:10.227338Z", "fetched_at": "2025-07-14T19:10:50.418883+00:00", "symbol": "BTC-USD"}, {"trade_id": 848967170, "side": "sell", "size": "0.00000099", "price": "120049.70000000", "time": "2025-07-14T19:10:10.047346Z", "fetched_at": "2025-07-14T19:10:50.418883+00:00", "symbol": "BTC-USD"}, {"trade_id": 848967169, "side": "buy", "size": "0.32215701", "price": "120047.76000000", "time": "2025-07-14T19:10:09.752493Z", "fetched_at": "2025-07-14T19:10:50.418883+00:00", "symbol": "BTC-USD"}, {"trade_id": 848967168, "side": "buy", "size": "0.00204000", "price": "120048.52000000", "time": "2025-07-14T19:10:09.752493Z", "fetched_at": "2025-07-14T19:10:50.418883+00:00", "symbol": "BTC-USD"}, {"trade_id": 848967167, "side": "buy", "size": "0.00007357", "price": "120049.69000000", "time": "2025-07-14T19:10:09.752493Z", "fetched_at": "2025-07-14T19:10:50.418883+00:00", "symbol": "BTC-USD"}, {"trade_id": 848967166, "side": "buy", "size": "0.00258867", "price": "120049.82000000", "time": "2025-07-14T19:10:09.692748Z", "fetched_at": "2025-07-14T19:10:50.418883+00:00", "symbol": "BTC-USD"}, {"trade_id": 848967165, "side": "buy", "size": "0.00194150", "price": "120049.94000000", "time": "2025-07-14T19:10:09.692748Z", "fetched_at": "2025-07-14T19:10:50.418883+00:00", "symbol": "BTC-USD"}, {"trade_id": 848967164, "side": "buy", "size": "0.00345156", "price": "120049.95000000", "time": "2025-07-14T19:10:09.692748Z", "fetched_at": "2025-07-14T19:10:50.418883+00:00", "symbol": "BTC-USD"}, {"trade_id": 848967163, "side": "sell", "size": "0.00000099", "price": "120047.76000000", "time": "2025-07-14T19:10:09.624613Z", "fetched_at": "2025-07-14T19:10:50.418883+00:00", "symbol": "BTC-USD"}, {"trade_id": 848967162, "side": "sell", "size": "0.00000099", "price": "120047.76000000", "time": "2025-07-14T19:10:09.167412Z", "fetched_at": "2025-07-14T19:10:50.418883+00:00", "symbol": "BTC-USD"}, {"trade_id": 848967161, "side": "sell", "size": "0.00004100", "price": "120047.76000000", "time": "2025-07-14T19:10:08.978571Z", "fetched_at": "2025-07-14T19:10:50.418883+00:00", "symbol": "BTC-USD"}, {"trade_id": 848967160, "side": "buy", "size": "0.00007356", "price": "120051.43000000", "time": "2025-07-14T19:10:08.905174Z", "fetched_at": "2025-07-14T19:10:50.418883+00:00", "symbol": "BTC-USD"}, {"trade_id": 848967159, "side": "buy", "size": "0.09279787", "price": "120040.81000000", "time": "2025-07-14T19:10:08.833177Z", "fetched_at": "2025-07-14T19:10:50.418883+00:00", "symbol": "BTC-USD"}, {"trade_id": 848967158, "side": "buy", "size": "0.00001000", "price": "120042.00000000", "time": "2025-07-14T19:10:08.833177Z", "fetched_at": "2025-07-14T19:10:50.418883+00:00", "symbol": "BTC-USD"}, {"trade_id": 848967157, "side": "buy", "size": "0.00833028", "price": "120043.96000000", "time": "2025-07-14T19:10:08.833177Z", "fetched_at": "2025-07-14T19:10:50.418883+00:00", "symbol": "BTC-USD"}, {"trade_id": 848967156, "side": "buy", "size": "0.00416467", "price": "120046.73000000", "time": "2025-07-14T19:10:08.833177Z", "fetched_at": "2025-07-14T19:10:50.418883+00:00", "symbol": "BTC-USD"}, {"trade_id": 848967155, "side": "buy", "size": "0.00833006", "price": "120047.19000000", "time": "2025-07-14T19:10:08.833177Z", "fetched_at": "2025-07-14T19:10:50.418883+00:00", "symbol": "BTC-USD"}, {"trade_id": 848967154, "side": "buy", "size": "0.04900000", "price": "120048.21000000", "time": "2025-07-14T19:10:08.833177Z", "fetched_at": "2025-07-14T19:10:50.418883+00:00", "symbol": "BTC-USD"}, {"trade_id": 848967153, "side": "buy", "size": "0.00078499", "price": "120048.21000000", "time": "2025-07-14T19:10:08.833177Z", "fetched_at": "2025-07-14T19:10:50.418883+00:00", "symbol": "BTC-USD"}, {"trade_id": 848967152, "side": "buy", "size": "0.03236980", "price": "120048.22000000", "time": "2025-07-14T19:10:08.833177Z", "fetched_at": "2025-07-14T19:10:50.418883+00:00", "symbol": "BTC-USD"}, {"trade_id": 848967151, "side": "buy", "size": "0.00003760", "price": "120051.54000000", "time": "2025-07-14T19:10:08.833177Z", "fetched_at": "2025-07-14T19:10:50.418883+00:00", "symbol": "BTC-USD"}, {"trade_id": 848967150, "side": "sell", "size": "0.00000099", "price": "120051.55000000", "time": "2025-07-14T19:10:08.771111Z", "fetched_at": "2025-07-14T19:10:50.418883+00:00", "symbol": "BTC-USD"}, {"trade_id": 848967149, "side": "sell", "size": "0.00461400", "price": "120051.55000000", "time": "2025-07-14T19:10:08.507989Z", "fetched_at": "2025-07-14T19:10:50.418883+00:00", "symbol": "BTC-USD"}, {"trade_id": 848967148, "side": "buy", "size": "0.60521501", "price": "120051.57000000", "time": "2025-07-14T19:10:08.462364Z", "fetched_at": "2025-07-14T19:10:50.418883+00:00", "symbol": "BTC-USD"}, {"trade_id": 848967147, "side": "buy", "size": "0.00003846", "price": "120051.57000000", "time": "2025-07-14T19:10:08.462364Z", "fetched_at": "2025-07-14T19:10:50.418883+00:00", "symbol": "BTC-USD"}, {"trade_id": 848967146, "side": "sell", "size": "0.00003228", "price": "120051.58000000", "time": "2025-07-14T19:10:08.428235Z", "fetched_at": "2025-07-14T19:10:50.418883+00:00", "symbol": "BTC-USD"}, {"trade_id": 848967145, "side": "sell", "size": "0.00000099", "price": "120051.58000000", "time": "2025-07-14T19:10:08.103325Z", "fetched_at": "2025-07-14T19:10:50.418883+00:00", "symbol": "BTC-USD"}, {"trade_id": 848967144, "side": "sell", "size": "0.00000099", "price": "120051.58000000", "time": "2025-07-14T19:10:07.880556Z", "fetched_at": "2025-07-14T19:10:50.418883+00:00", "symbol": "BTC-USD"}, {"trade_id": 848967143, "side": "sell", "size": "0.00206146", "price": "120051.56000000", "time": "2025-07-14T19:10:07.857022Z", "fetched_at": "2025-07-14T19:10:50.418883+00:00", "symbol": "BTC-USD"}, {"trade_id": 848967142, "side": "sell", "size": "0.00000099", "price": "120051.56000000", "time": "2025-07-14T19:10:07.671617Z", "fetched_at": "2025-07-14T19:10:50.418883+00:00", "symbol": "BTC-USD"}, {"trade_id": 848967141, "side": "sell", "size": "0.00197505", "price": "120051.56000000", "time": "2025-07-14T19:10:07.538488Z", "fetched_at": "2025-07-14T19:10:50.418883+00:00", "symbol": "BTC-USD"}, {"trade_id": 848967140, "side": "buy", "size": "0.00007356", "price": "120051.57000000", "time": "2025-07-14T19:10:07.519172Z", "fetched_at": "2025-07-14T19:10:50.418883+00:00", "symbol": "BTC-USD"}, {"trade_id": 848967139, "side": "sell", "size": "0.00000099", "price": "120051.58000000", "time": "2025-07-14T19:10:07.472929Z", "fetched_at": "2025-07-14T19:10:50.418883+00:00", "symbol": "BTC-USD"}, {"trade_id": 848967138, "side": "buy", "size": "0.00006730", "price": "120051.57000000", "time": "2025-07-14T19:10:07.426830Z", "fetched_at": "2025-07-14T19:10:50.418883+00:00", "symbol": "BTC-USD"}, {"trade_id": 848967137, "side": "buy", "size": "0.00007356", "price": "120053.34000000", "time": "2025-07-14T19:10:07.259136Z", "fetched_at": "2025-07-14T19:10:50.418883+00:00", "symbol": "BTC-USD"}, {"trade_id": 848967136, "side": "sell", "size": "0.00000099", "price": "120053.35000000", "time": "2025-07-14T19:10:07.258776Z", "fetched_at": "2025-07-14T19:10:50.418883+00:00", "symbol": "BTC-USD"}, {"trade_id": 848967135, "side": "sell", "size": "0.00013656", "price": "120051.59000000", "time": "2025-07-14T19:10:07.216846Z", "fetched_at": "2025-07-14T19:10:50.418883+00:00", "symbol": "BTC-USD"}, {"trade_id": 848967134, "side": "buy", "size": "0.46511711", "price": "120053.35000000", "time": "2025-07-14T19:10:07.157397Z", "fetched_at": "2025-07-14T19:10:50.418883+00:00", "symbol": "BTC-USD"}, {"trade_id": 848967133, "side": "buy", "size": "0.00000049", "price": "120053.36000000", "time": "2025-07-14T19:10:07.157397Z", "fetched_at": "2025-07-14T19:10:50.418883+00:00", "symbol": "BTC-USD"}, {"trade_id": 848967132, "side": "buy", "size": "0.00007356", "price": "120053.37000000", "time": "2025-07-14T19:10:07.157397Z", "fetched_at": "2025-07-14T19:10:50.418883+00:00", "symbol": "BTC-USD"}, {"trade_id": 848967131, "side": "sell", "size": "0.00000099", "price": "120053.38000000", "time": "2025-07-14T19:10:07.074917Z", "fetched_at": "2025-07-14T19:10:50.418883+00:00", "symbol": "BTC-USD"}, {"trade_id": 848967130, "side": "sell", "size": "0.00057663", "price": "120053.38000000", "time": "2025-07-14T19:10:07.043339Z", "fetched_at": "2025-07-14T19:10:50.418883+00:00", "symbol": "BTC-USD"}, {"trade_id": 848967129, "side": "sell", "size": "0.00000099", "price": "120053.38000000", "time": "2025-07-14T19:10:06.887420Z", "fetched_at": "2025-07-14T19:10:50.418883+00:00", "symbol": "BTC-USD"}, {"trade_id": 848967128, "side": "sell", "size": "0.00000099", "price": "120053.38000000", "time": "2025-07-14T19:10:06.697940Z", "fetched_at": "2025-07-14T19:10:50.418883+00:00", "symbol": "BTC-USD"}, {"trade_id": 848967127, "side": "sell", "size": "0.00101000", "price": "120053.38000000", "time": "2025-07-14T19:10:06.609567Z", "fetched_at": "2025-07-14T19:10:50.418883+00:00", "symbol": "BTC-USD"}, {"trade_id": 848967126, "side": "sell", "size": "0.00000099", "price": "120053.38000000", "time": "2025-07-14T19:10:06.543858Z", "fetched_at": "2025-07-14T19:10:50.418883+00:00", "symbol": "BTC-USD"}, {"trade_id": 848967125, "side": "sell", "size": "0.00609824", "price": "120053.38000000", "time": "2025-07-14T19:10:06.489403Z", "fetched_at": "2025-07-14T19:10:50.418883+00:00", "symbol": "BTC-USD"}, {"trade_id": 848967124, "side": "sell", "size": "0.00543000", "price": "120053.37000000", "time": "2025-07-14T19:10:06.489403Z", "fetched_at": "2025-07-14T19:10:50.418883+00:00", "symbol": "BTC-USD"}, {"trade_id": 848967123, "side": "buy", "size": "0.14009790", "price": "120053.35000000", "time": "2025-07-14T19:10:06.365688Z", "fetched_at": "2025-07-14T19:10:50.418883+00:00", "symbol": "BTC-USD"}, {"trade_id": 848967122, "side": "buy", "size": "0.00000466", "price": "120053.35000000", "time": "2025-07-14T19:10:06.365688Z", "fetched_at": "2025-07-14T19:10:50.418883+00:00", "symbol": "BTC-USD"}, {"trade_id": 848967121, "side": "buy", "size": "0.46511711", "price": "120053.36000000", "time": "2025-07-14T19:10:06.365688Z", "fetched_at": "2025-07-14T19:10:50.418883+00:00", "symbol": "BTC-USD"}, {"trade_id": 848967120, "side": "buy", "size": "0.00007356", "price": "120053.37000000", "time": "2025-07-14T19:10:06.365688Z", "fetched_at": "2025-07-14T19:10:50.418883+00:00", "symbol": "BTC-USD"}, {"trade_id": 848967119, "side": "sell", "size": "0.00127811", "price": "120053.38000000", "time": "2025-07-14T19:10:06.140728Z", "fetched_at": "2025-07-14T19:10:50.418883+00:00", "symbol": "BTC-USD"}, {"trade_id": 848967118, "side": "buy", "size": "0.00007356", "price": "120054.24000000", "time": "2025-07-14T19:10:05.694519Z", "fetched_at": "2025-07-14T19:10:50.418883+00:00", "symbol": "BTC-USD"}, {"trade_id": 848967117, "side": "sell", "size": "0.00000099", "price": "120054.25000000", "time": "2025-07-14T19:10:05.688873Z", "fetched_at": "2025-07-14T19:10:50.418883+00:00", "symbol": "BTC-USD"}, {"trade_id": 848967116, "side": "buy", "size": "0.00007356", "price": "120054.25000000", "time": "2025-07-14T19:10:05.648367Z", "fetched_at": "2025-07-14T19:10:50.418883+00:00", "symbol": "BTC-USD"}