[{"trade_id": 848778273, "side": "sell", "size": "0.00080434", "price": "120822.18000000", "time": "2025-07-14T14:39:26.793224Z", "fetched_at": "2025-07-14T14:39:31.881539+00:00", "symbol": "BTC-USD"}, {"trade_id": 848778272, "side": "sell", "size": "0.00062082", "price": "120822.18000000", "time": "2025-07-14T14:39:26.774005Z", "fetched_at": "2025-07-14T14:39:31.881539+00:00", "symbol": "BTC-USD"}, {"trade_id": 848778271, "side": "sell", "size": "0.00007230", "price": "120822.18000000", "time": "2025-07-14T14:39:26.774005Z", "fetched_at": "2025-07-14T14:39:31.881539+00:00", "symbol": "BTC-USD"}, {"trade_id": 848778270, "side": "buy", "size": "0.00810620", "price": "120817.64000000", "time": "2025-07-14T14:39:26.742862Z", "fetched_at": "2025-07-14T14:39:31.881539+00:00", "symbol": "BTC-USD"}, {"trade_id": 848778269, "side": "buy", "size": "0.00827440", "price": "120822.19000000", "time": "2025-07-14T14:39:26.742862Z", "fetched_at": "2025-07-14T14:39:31.881539+00:00", "symbol": "BTC-USD"}, {"trade_id": 848778268, "side": "buy", "size": "0.00167168", "price": "120817.65000000", "time": "2025-07-14T14:39:26.395266Z", "fetched_at": "2025-07-14T14:39:31.881539+00:00", "symbol": "BTC-USD"}, {"trade_id": 848778267, "side": "buy", "size": "0.00827397", "price": "120830.48000000", "time": "2025-07-14T14:39:26.292075Z", "fetched_at": "2025-07-14T14:39:31.881539+00:00", "symbol": "BTC-USD"}, {"trade_id": 848778266, "side": "buy", "size": "0.00001572", "price": "120837.49000000", "time": "2025-07-14T14:39:26.292075Z", "fetched_at": "2025-07-14T14:39:31.881539+00:00", "symbol": "BTC-USD"}, {"trade_id": 848778265, "side": "sell", "size": "0.00002458", "price": "120837.50000000", "time": "2025-07-14T14:39:26.007946Z", "fetched_at": "2025-07-14T14:39:31.881539+00:00", "symbol": "BTC-USD"}, {"trade_id": 848778264, "side": "sell", "size": "0.00100542", "price": "120837.50000000", "time": "2025-07-14T14:39:26.007562Z", "fetched_at": "2025-07-14T14:39:31.881539+00:00", "symbol": "BTC-USD"}, {"trade_id": 848778263, "side": "sell", "size": "0.00148494", "price": "120827.59000000", "time": "2025-07-14T14:39:25.148049Z", "fetched_at": "2025-07-14T14:39:31.881539+00:00", "symbol": "BTC-USD"}, {"trade_id": 848778262, "side": "sell", "size": "0.01201400", "price": "120825.73000000", "time": "2025-07-14T14:39:24.873198Z", "fetched_at": "2025-07-14T14:39:31.881539+00:00", "symbol": "BTC-USD"}, {"trade_id": 848778261, "side": "buy", "size": "0.00002004", "price": "120825.72000000", "time": "2025-07-14T14:39:24.838398Z", "fetched_at": "2025-07-14T14:39:31.881539+00:00", "symbol": "BTC-USD"}, {"trade_id": 848778260, "side": "sell", "size": "0.00047040", "price": "120825.73000000", "time": "2025-07-14T14:39:24.502644Z", "fetched_at": "2025-07-14T14:39:31.881539+00:00", "symbol": "BTC-USD"}, {"trade_id": 848778259, "side": "sell", "size": "0.00038611", "price": "120825.73000000", "time": "2025-07-14T14:39:24.379243Z", "fetched_at": "2025-07-14T14:39:31.881539+00:00", "symbol": "BTC-USD"}, {"trade_id": 848778258, "side": "sell", "size": "0.00138644", "price": "120825.73000000", "time": "2025-07-14T14:39:24.344671Z", "fetched_at": "2025-07-14T14:39:31.881539+00:00", "symbol": "BTC-USD"}, {"trade_id": 848778257, "side": "sell", "size": "0.00007356", "price": "120825.72000000", "time": "2025-07-14T14:39:24.344671Z", "fetched_at": "2025-07-14T14:39:31.881539+00:00", "symbol": "BTC-USD"}, {"trade_id": 848778256, "side": "sell", "size": "0.00002959", "price": "120825.73000000", "time": "2025-07-14T14:39:24.259181Z", "fetched_at": "2025-07-14T14:39:31.881539+00:00", "symbol": "BTC-USD"}, {"trade_id": 848778255, "side": "sell", "size": "0.00007356", "price": "120825.72000000", "time": "2025-07-14T14:39:24.259181Z", "fetched_at": "2025-07-14T14:39:31.881539+00:00", "symbol": "BTC-USD"}, {"trade_id": 848778254, "side": "sell", "size": "0.00000724", "price": "120825.71000000", "time": "2025-07-14T14:39:24.259181Z", "fetched_at": "2025-07-14T14:39:31.881539+00:00", "symbol": "BTC-USD"}, {"trade_id": 848778253, "side": "sell", "size": "0.00000240", "price": "120824.83000000", "time": "2025-07-14T14:39:24.259181Z", "fetched_at": "2025-07-14T14:39:31.881539+00:00", "symbol": "BTC-USD"}, {"trade_id": 848778252, "side": "sell", "size": "0.00000019", "price": "120824.74000000", "time": "2025-07-14T14:39:24.156689Z", "fetched_at": "2025-07-14T14:39:31.881539+00:00", "symbol": "BTC-USD"}, {"trade_id": 848778251, "side": "sell", "size": "0.00160871", "price": "120823.29000000", "time": "2025-07-14T14:39:24.148977Z", "fetched_at": "2025-07-14T14:39:31.881539+00:00", "symbol": "BTC-USD"}, {"trade_id": 848778250, "side": "buy", "size": "0.00085863", "price": "120817.64000000", "time": "2025-07-14T14:39:23.084517Z", "fetched_at": "2025-07-14T14:39:31.881539+00:00", "symbol": "BTC-USD"}, {"trade_id": 848778249, "side": "buy", "size": "0.00112629", "price": "120822.57000000", "time": "2025-07-14T14:39:22.891551Z", "fetched_at": "2025-07-14T14:39:31.881539+00:00", "symbol": "BTC-USD"}, {"trade_id": 848778248, "side": "buy", "size": "0.00853160", "price": "120817.65000000", "time": "2025-07-14T14:39:22.671808Z", "fetched_at": "2025-07-14T14:39:31.881539+00:00", "symbol": "BTC-USD"}, {"trade_id": 848778247, "side": "buy", "size": "0.00000099", "price": "120819.65000000", "time": "2025-07-14T14:39:22.671808Z", "fetched_at": "2025-07-14T14:39:31.881539+00:00", "symbol": "BTC-USD"}, {"trade_id": 848778246, "side": "buy", "size": "0.00818732", "price": "120819.65000000", "time": "2025-07-14T14:39:22.671808Z", "fetched_at": "2025-07-14T14:39:31.881539+00:00", "symbol": "BTC-USD"}, {"trade_id": 848778245, "side": "buy", "size": "0.00008738", "price": "120819.65000000", "time": "2025-07-14T14:39:22.529574Z", "fetched_at": "2025-07-14T14:39:31.881539+00:00", "symbol": "BTC-USD"}, {"trade_id": 848778244, "side": "buy", "size": "0.00000372", "price": "120821.71000000", "time": "2025-07-14T14:39:22.529574Z", "fetched_at": "2025-07-14T14:39:31.881539+00:00", "symbol": "BTC-USD"}, {"trade_id": 848778243, "side": "buy", "size": "0.00000115", "price": "120821.71000000", "time": "2025-07-14T14:39:22.529574Z", "fetched_at": "2025-07-14T14:39:31.881539+00:00", "symbol": "BTC-USD"}, {"trade_id": 848778242, "side": "buy", "size": "0.00827405", "price": "120824.41000000", "time": "2025-07-14T14:39:22.286352Z", "fetched_at": "2025-07-14T14:39:31.881539+00:00", "symbol": "BTC-USD"}, {"trade_id": 848778241, "side": "buy", "size": "0.07738200", "price": "120827.58000000", "time": "2025-07-14T14:39:22.206887Z", "fetched_at": "2025-07-14T14:39:31.881539+00:00", "symbol": "BTC-USD"}, {"trade_id": 848778240, "side": "buy", "size": "0.00000190", "price": "120827.58000000", "time": "2025-07-14T14:39:22.206887Z", "fetched_at": "2025-07-14T14:39:31.881539+00:00", "symbol": "BTC-USD"}, {"trade_id": 848778239, "side": "sell", "size": "0.00000493", "price": "120827.59000000", "time": "2025-07-14T14:39:21.405054Z", "fetched_at": "2025-07-14T14:39:31.881539+00:00", "symbol": "BTC-USD"}, {"trade_id": 848778238, "side": "sell", "size": "0.00007356", "price": "120827.59000000", "time": "2025-07-14T14:39:21.405054Z", "fetched_at": "2025-07-14T14:39:31.881539+00:00", "symbol": "BTC-USD"}, {"trade_id": 848778237, "side": "sell", "size": "0.00020622", "price": "120840.50000000", "time": "2025-07-14T14:39:21.233243Z", "fetched_at": "2025-07-14T14:39:31.881539+00:00", "symbol": "BTC-USD"}, {"trade_id": 848778236, "side": "sell", "size": "0.00118200", "price": "120840.50000000", "time": "2025-07-14T14:39:21.229754Z", "fetched_at": "2025-07-14T14:39:31.881539+00:00", "symbol": "BTC-USD"}, {"trade_id": 848778235, "side": "sell", "size": "0.06480000", "price": "120839.68000000", "time": "2025-07-14T14:39:21.229754Z", "fetched_at": "2025-07-14T14:39:31.881539+00:00", "symbol": "BTC-USD"}, {"trade_id": 848778234, "side": "sell", "size": "0.02299571", "price": "120838.66000000", "time": "2025-07-14T14:39:21.229754Z", "fetched_at": "2025-07-14T14:39:31.881539+00:00", "symbol": "BTC-USD"}, {"trade_id": 848778233, "side": "sell", "size": "0.00033000", "price": "120837.50000000", "time": "2025-07-14T14:39:21.229754Z", "fetched_at": "2025-07-14T14:39:31.881539+00:00", "symbol": "BTC-USD"}, {"trade_id": 848778232, "side": "sell", "size": "0.00413820", "price": "120832.03000000", "time": "2025-07-14T14:39:21.229754Z", "fetched_at": "2025-07-14T14:39:31.881539+00:00", "symbol": "BTC-USD"}, {"trade_id": 848778231, "side": "sell", "size": "0.00827613", "price": "120829.40000000", "time": "2025-07-14T14:39:21.229754Z", "fetched_at": "2025-07-14T14:39:31.881539+00:00", "symbol": "BTC-USD"}, {"trade_id": 848778230, "side": "sell", "size": "0.02703275", "price": "120827.59000000", "time": "2025-07-14T14:39:21.229754Z", "fetched_at": "2025-07-14T14:39:31.881539+00:00", "symbol": "BTC-USD"}, {"trade_id": 848778229, "side": "sell", "size": "0.00007356", "price": "120827.59000000", "time": "2025-07-14T14:39:21.229754Z", "fetched_at": "2025-07-14T14:39:31.881539+00:00", "symbol": "BTC-USD"}, {"trade_id": 848778228, "side": "sell", "size": "0.03202696", "price": "120827.59000000", "time": "2025-07-14T14:39:21.229754Z", "fetched_at": "2025-07-14T14:39:31.881539+00:00", "symbol": "BTC-USD"}, {"trade_id": 848778227, "side": "sell", "size": "0.00025455", "price": "120827.59000000", "time": "2025-07-14T14:39:21.099934Z", "fetched_at": "2025-07-14T14:39:31.881539+00:00", "symbol": "BTC-USD"}, {"trade_id": 848778226, "side": "sell", "size": "0.00009553", "price": "120827.59000000", "time": "2025-07-14T14:39:21.076312Z", "fetched_at": "2025-07-14T14:39:31.881539+00:00", "symbol": "BTC-USD"}, {"trade_id": 848778225, "side": "sell", "size": "0.00020106", "price": "120827.59000000", "time": "2025-07-14T14:39:20.748679Z", "fetched_at": "2025-07-14T14:39:31.881539+00:00", "symbol": "BTC-USD"}, {"trade_id": 848778224, "side": "sell", "size": "0.00008190", "price": "120827.59000000", "time": "2025-07-14T14:39:20.522869Z", "fetched_at": "2025-07-14T14:39:31.881539+00:00", "symbol": "BTC-USD"}, {"trade_id": 848778223, "side": "sell", "size": "0.00034000", "price": "120827.59000000", "time": "2025-07-14T14:39:20.329196Z", "fetched_at": "2025-07-14T14:39:31.881539+00:00", "symbol": "BTC-USD"}, {"trade_id": 848778222, "side": "sell", "size": "0.00827653", "price": "120823.53000000", "time": "2025-07-14T14:39:20.246123Z", "fetched_at": "2025-07-14T14:39:31.881539+00:00", "symbol": "BTC-USD"}, {"trade_id": 848778221, "side": "sell", "size": "0.00007356", "price": "120821.72000000", "time": "2025-07-14T14:39:20.246123Z", "fetched_at": "2025-07-14T14:39:31.881539+00:00", "symbol": "BTC-USD"}, {"trade_id": 848778220, "side": "sell", "size": "0.00284344", "price": "120821.72000000", "time": "2025-07-14T14:39:20.246123Z", "fetched_at": "2025-07-14T14:39:31.881539+00:00", "symbol": "BTC-USD"}, {"trade_id": 848778219, "side": "sell", "size": "0.00012644", "price": "120821.72000000", "time": "2025-07-14T14:39:19.826614Z", "fetched_at": "2025-07-14T14:39:31.881539+00:00", "symbol": "BTC-USD"}, {"trade_id": 848778218, "side": "sell", "size": "0.00007356", "price": "120821.72000000", "time": "2025-07-14T14:39:19.826614Z", "fetched_at": "2025-07-14T14:39:31.881539+00:00", "symbol": "BTC-USD"}, {"trade_id": 848778217, "side": "sell", "size": "0.00016386", "price": "120821.72000000", "time": "2025-07-14T14:39:19.762584Z", "fetched_at": "2025-07-14T14:39:31.881539+00:00", "symbol": "BTC-USD"}, {"trade_id": 848778216, "side": "sell", "size": "0.00394718", "price": "120821.72000000", "time": "2025-07-14T14:39:19.552023Z", "fetched_at": "2025-07-14T14:39:31.881539+00:00", "symbol": "BTC-USD"}, {"trade_id": 848778215, "side": "sell", "size": "0.00007356", "price": "120821.72000000", "time": "2025-07-14T14:39:19.552023Z", "fetched_at": "2025-07-14T14:39:31.881539+00:00", "symbol": "BTC-USD"}, {"trade_id": 848778214, "side": "sell", "size": "0.00000593", "price": "120838.88000000", "time": "2025-07-14T14:39:18.828332Z", "fetched_at": "2025-07-14T14:39:31.881539+00:00", "symbol": "BTC-USD"}, {"trade_id": 848778213, "side": "buy", "size": "0.00018134", "price": "120821.71000000", "time": "2025-07-14T14:39:18.810406Z", "fetched_at": "2025-07-14T14:39:31.881539+00:00", "symbol": "BTC-USD"}, {"trade_id": 848778212, "side": "buy", "size": "0.00000405", "price": "120845.91000000", "time": "2025-07-14T14:39:18.772504Z", "fetched_at": "2025-07-14T14:39:31.881539+00:00", "symbol": "BTC-USD"}, {"trade_id": 848778211, "side": "buy", "size": "0.00000115", "price": "120845.91000000", "time": "2025-07-14T14:39:18.772504Z", "fetched_at": "2025-07-14T14:39:31.881539+00:00", "symbol": "BTC-USD"}, {"trade_id": 848778210, "side": "buy", "size": "0.00827324", "price": "120846.48000000", "time": "2025-07-14T14:39:18.772504Z", "fetched_at": "2025-07-14T14:39:31.881539+00:00", "symbol": "BTC-USD"}, {"trade_id": 848778209, "side": "sell", "size": "0.00049404", "price": "120841.36000000", "time": "2025-07-14T14:39:18.300481Z", "fetched_at": "2025-07-14T14:39:31.881539+00:00", "symbol": "BTC-USD"}, {"trade_id": 848778208, "side": "sell", "size": "0.00007355", "price": "120835.43000000", "time": "2025-07-14T14:39:18.300481Z", "fetched_at": "2025-07-14T14:39:31.881539+00:00", "symbol": "BTC-USD"}, {"trade_id": 848778207, "side": "sell", "size": "0.00397878", "price": "120837.04000000", "time": "2025-07-14T14:39:18.159470Z", "fetched_at": "2025-07-14T14:39:31.881539+00:00", "symbol": "BTC-USD"}, {"trade_id": 848778206, "side": "sell", "size": "0.04969596", "price": "120837.03000000", "time": "2025-07-14T14:39:18.159470Z", "fetched_at": "2025-07-14T14:39:31.881539+00:00", "symbol": "BTC-USD"}, {"trade_id": 848778205, "side": "sell", "size": "0.00413827", "price": "120835.00000000", "time": "2025-07-14T14:39:18.159470Z", "fetched_at": "2025-07-14T14:39:31.881539+00:00", "symbol": "BTC-USD"}, {"trade_id": 848778204, "side": "sell", "size": "0.00267452", "price": "120830.09000000", "time": "2025-07-14T14:39:18.159470Z", "fetched_at": "2025-07-14T14:39:31.881539+00:00", "symbol": "BTC-USD"}, {"trade_id": 848778203, "side": "sell", "size": "0.00827681", "price": "120819.56000000", "time": "2025-07-14T14:39:18.159470Z", "fetched_at": "2025-07-14T14:39:31.881539+00:00", "symbol": "BTC-USD"}, {"trade_id": 848778202, "side": "sell", "size": "0.00000173", "price": "120817.82000000", "time": "2025-07-14T14:39:18.159470Z", "fetched_at": "2025-07-14T14:39:31.881539+00:00", "symbol": "BTC-USD"}, {"trade_id": 848778201, "side": "sell", "size": "0.00000604", "price": "120817.82000000", "time": "2025-07-14T14:39:18.159470Z", "fetched_at": "2025-07-14T14:39:31.881539+00:00", "symbol": "BTC-USD"}, {"trade_id": 848778200, "side": "sell", "size": "0.00007355", "price": "120817.82000000", "time": "2025-07-14T14:39:18.159470Z", "fetched_at": "2025-07-14T14:39:31.881539+00:00", "symbol": "BTC-USD"}, {"trade_id": 848778199, "side": "sell", "size": "0.00253812", "price": "120817.82000000", "time": "2025-07-14T14:39:18.159470Z", "fetched_at": "2025-07-14T14:39:31.881539+00:00", "symbol": "BTC-USD"}, {"trade_id": 848778198, "side": "sell", "size": "0.00267452", "price": "120817.82000000", "time": "2025-07-14T14:39:18.159062Z", "fetched_at": "2025-07-14T14:39:31.881539+00:00", "symbol": "BTC-USD"}, {"trade_id": 848778197, "side": "sell", "size": "0.00072712", "price": "120817.82000000", "time": "2025-07-14T14:39:18.062555Z", "fetched_at": "2025-07-14T14:39:31.881539+00:00", "symbol": "BTC-USD"}, {"trade_id": 848778196, "side": "sell", "size": "0.00001510", "price": "120817.82000000", "time": "2025-07-14T14:39:18.062555Z", "fetched_at": "2025-07-14T14:39:31.881539+00:00", "symbol": "BTC-USD"}, {"trade_id": 848778195, "side": "sell", "size": "0.00000206", "price": "120817.82000000", "time": "2025-07-14T14:39:18.062555Z", "fetched_at": "2025-07-14T14:39:31.881539+00:00", "symbol": "BTC-USD"}, {"trade_id": 848778194, "side": "sell", "size": "0.00007356", "price": "120817.65000000", "time": "2025-07-14T14:39:18.062555Z", "fetched_at": "2025-07-14T14:39:31.881539+00:00", "symbol": "BTC-USD"}, {"trade_id": 848778193, "side": "buy", "size": "0.00124156", "price": "120817.64000000", "time": "2025-07-14T14:39:17.841471Z", "fetched_at": "2025-07-14T14:39:31.881539+00:00", "symbol": "BTC-USD"}, {"trade_id": 848778192, "side": "buy", "size": "0.00019353", "price": "120833.45000000", "time": "2025-07-14T14:39:17.582918Z", "fetched_at": "2025-07-14T14:39:31.881539+00:00", "symbol": "BTC-USD"}, {"trade_id": 848778191, "side": "buy", "size": "0.00827522", "price": "120842.70000000", "time": "2025-07-14T14:39:17.432207Z", "fetched_at": "2025-07-14T14:39:31.881539+00:00", "symbol": "BTC-USD"}, {"trade_id": 848778190, "side": "buy", "size": "0.00042000", "price": "120844.51000000", "time": "2025-07-14T14:39:17.420394Z", "fetched_at": "2025-07-14T14:39:31.881539+00:00", "symbol": "BTC-USD"}, {"trade_id": 848778189, "side": "sell", "size": "0.00032789", "price": "120846.44000000", "time": "2025-07-14T14:39:17.389745Z", "fetched_at": "2025-07-14T14:39:31.881539+00:00", "symbol": "BTC-USD"}, {"trade_id": 848778188, "side": "sell", "size": "0.00007356", "price": "120844.52000000", "time": "2025-07-14T14:39:17.389745Z", "fetched_at": "2025-07-14T14:39:31.881539+00:00", "symbol": "BTC-USD"}, {"trade_id": 848778187, "side": "sell", "size": "0.00008190", "price": "120846.46000000", "time": "2025-07-14T14:39:17.003640Z", "fetched_at": "2025-07-14T14:39:31.881539+00:00", "symbol": "BTC-USD"}, {"trade_id": 848778186, "side": "sell", "size": "0.00827595", "price": "120831.98000000", "time": "2025-07-14T14:39:16.773758Z", "fetched_at": "2025-07-14T14:39:31.881539+00:00", "symbol": "BTC-USD"}, {"trade_id": 848778185, "side": "sell", "size": "0.01281086", "price": "120830.52000000", "time": "2025-07-14T14:39:16.737259Z", "fetched_at": "2025-07-14T14:39:31.881539+00:00", "symbol": "BTC-USD"}, {"trade_id": 848778184, "side": "sell", "size": "0.00357805", "price": "120830.52000000", "time": "2025-07-14T14:39:16.736807Z", "fetched_at": "2025-07-14T14:39:31.881539+00:00", "symbol": "BTC-USD"}, {"trade_id": 848778183, "side": "sell", "size": "0.00000215", "price": "120830.52000000", "time": "2025-07-14T14:39:16.736807Z", "fetched_at": "2025-07-14T14:39:31.881539+00:00", "symbol": "BTC-USD"}, {"trade_id": 848778182, "side": "sell", "size": "0.00001328", "price": "120830.52000000", "time": "2025-07-14T14:39:16.736807Z", "fetched_at": "2025-07-14T14:39:31.881539+00:00", "symbol": "BTC-USD"}, {"trade_id": 848778181, "side": "sell", "size": "0.00408227", "price": "120830.52000000", "time": "2025-07-14T14:39:16.736807Z", "fetched_at": "2025-07-14T14:39:31.881539+00:00", "symbol": "BTC-USD"}, {"trade_id": 848778180, "side": "buy", "size": "0.00002327", "price": "120830.51000000", "time": "2025-07-14T14:39:16.586705Z", "fetched_at": "2025-07-14T14:39:31.881539+00:00", "symbol": "BTC-USD"}, {"trade_id": 848778179, "side": "buy", "size": "0.00016623", "price": "120829.71000000", "time": "2025-07-14T14:39:16.521021Z", "fetched_at": "2025-07-14T14:39:31.881539+00:00", "symbol": "BTC-USD"}, {"trade_id": 848778178, "side": "sell", "size": "0.00827681", "price": "120819.48000000", "time": "2025-07-14T14:39:16.405353Z", "fetched_at": "2025-07-14T14:39:31.881539+00:00", "symbol": "BTC-USD"}, {"trade_id": 848778177, "side": "sell", "size": "0.00795928", "price": "120817.67000000", "time": "2025-07-14T14:39:16.405353Z", "fetched_at": "2025-07-14T14:39:31.881539+00:00", "symbol": "BTC-USD"}, {"trade_id": 848778176, "side": "sell", "size": "0.03237226", "price": "120817.65000000", "time": "2025-07-14T14:39:16.405353Z", "fetched_at": "2025-07-14T14:39:31.881539+00:00", "symbol": "BTC-USD"}, {"trade_id": 848778175, "side": "sell", "size": "0.00062774", "price": "120817.65000000", "time": "2025-07-14T14:39:16.127959Z", "fetched_at": "2025-07-14T14:39:31.881539+00:00", "symbol": "BTC-USD"}, {"trade_id": 848778174, "side": "buy", "size": "0.00071041", "price": "120817.66000000", "time": "2025-07-14T14:39:15.505571Z", "fetched_at": "2025-07-14T14:39:31.881539+00:00", "symbol": "BTC-USD"}, {"trade_id": 848778173, "side": "sell", "size": "0.00413619", "price": "120816.95000000", "time": "2025-07-14T14:39:15.318961Z", "fetched_at": "2025-07-14T14:39:31.881539+00:00", "symbol": "BTC-USD"}, {"trade_id": 848778172, "side": "sell", "size": "0.00000008", "price": "120816.95000000", "time": "2025-07-14T14:39:15.308200Z", "fetched_at": "2025-07-14T14:39:31.881539+00:00", "symbol": "BTC-USD"}, {"trade_id": 848778171, "side": "sell", "size": "0.00000074", "price": "120815.14000000", "time": "2025-07-14T14:39:15.291161Z", "fetched_at": "2025-07-14T14:39:31.881539+00:00", "symbol": "BTC-USD"}, {"trade_id": 848778170, "side": "sell", "size": "0.00171639", "price": "120815.14000000", "time": "2025-07-14T14:39:15.272739Z", "fetched_at": "2025-07-14T14:39:31.881539+00:00", "symbol": "BTC-USD"}, {"trade_id": 848778169, "side": "sell", "size": "0.00047629", "price": "120817.67000000", "time": "2025-07-14T14:39:14.772068Z", "fetched_at": "2025-07-14T14:39:31.881539+00:00", "symbol": "BTC-USD"}, {"trade_id": 848778168, "side": "sell", "size": "0.00156443", "price": "120817.67000000", "time": "2025-07-14T14:39:14.620495Z", "fetched_at": "2025-07-14T14:39:31.881539+00:00", "symbol": "BTC-USD"}, {"trade_id": 848778167, "side": "sell", "size": "0.00007355", "price": "120817.67000000", "time": "2025-07-14T14:39:14.620495Z", "fetched_at": "2025-07-14T14:39:31.881539+00:00", "symbol": "BTC-USD"}, {"trade_id": 848778166, "side": "sell", "size": "0.07020259", "price": "120829.67000000", "time": "2025-07-14T14:39:14.457455Z", "fetched_at": "2025-07-14T14:39:31.881539+00:00", "symbol": "BTC-USD"}, {"trade_id": 848778165, "side": "sell", "size": "0.03472454", "price": "120829.66000000", "time": "2025-07-14T14:39:14.457455Z", "fetched_at": "2025-07-14T14:39:31.881539+00:00", "symbol": "BTC-USD"}, {"trade_id": 848778164, "side": "sell", "size": "0.00384497", "price": "120827.66000000", "time": "2025-07-14T14:39:14.457455Z", "fetched_at": "2025-07-14T14:39:31.881539+00:00", "symbol": "BTC-USD"}, {"trade_id": 848778163, "side": "sell", "size": "0.00033000", "price": "120825.40000000", "time": "2025-07-14T14:39:14.457455Z", "fetched_at": "2025-07-14T14:39:31.881539+00:00", "symbol": "BTC-USD"}, {"trade_id": 848778162, "side": "sell", "size": "0.00957338", "price": "120823.74000000", "time": "2025-07-14T14:39:14.457455Z", "fetched_at": "2025-07-14T14:39:31.881539+00:00", "symbol": "BTC-USD"}, {"trade_id": 848778161, "side": "sell", "size": "0.00797439", "price": "120823.65000000", "time": "2025-07-14T14:39:14.457455Z", "fetched_at": "2025-07-14T14:39:31.881539+00:00", "symbol": "BTC-USD"}, {"trade_id": 848778160, "side": "sell", "size": "0.00827658", "price": "120822.80000000", "time": "2025-07-14T14:39:14.457455Z", "fetched_at": "2025-07-14T14:39:31.881539+00:00", "symbol": "BTC-USD"}, {"trade_id": 848778159, "side": "sell", "size": "0.00007355", "price": "120817.67000000", "time": "2025-07-14T14:39:14.457455Z", "fetched_at": "2025-07-14T14:39:31.881539+00:00", "symbol": "BTC-USD"}, {"trade_id": 848778158, "side": "sell", "size": "0.00031875", "price": "120823.65000000", "time": "2025-07-14T14:39:14.333229Z", "fetched_at": "2025-07-14T14:39:31.881539+00:00", "symbol": "BTC-USD"}, {"trade_id": 848778157, "side": "sell", "size": "0.00007355", "price": "120817.67000000", "time": "2025-07-14T14:39:14.333229Z", "fetched_at": "2025-07-14T14:39:31.881539+00:00", "symbol": "BTC-USD"}, {"trade_id": 848778156, "side": "sell", "size": "0.08206172", "price": "120823.74000000", "time": "2025-07-14T14:39:14.116095Z", "fetched_at": "2025-07-14T14:39:31.881539+00:00", "symbol": "BTC-USD"}, {"trade_id": 848778155, "side": "sell", "size": "0.05517906", "price": "120823.73000000", "time": "2025-07-14T14:39:14.116095Z", "fetched_at": "2025-07-14T14:39:31.881539+00:00", "symbol": "BTC-USD"}, {"trade_id": 848778154, "side": "sell", "size": "0.03004978", "price": "120822.57000000", "time": "2025-07-14T14:39:14.116095Z", "fetched_at": "2025-07-14T14:39:31.881539+00:00", "symbol": "BTC-USD"}, {"trade_id": 848778153, "side": "sell", "size": "0.01428529", "price": "120819.35000000", "time": "2025-07-14T14:39:14.116095Z", "fetched_at": "2025-07-14T14:39:31.881539+00:00", "symbol": "BTC-USD"}, {"trade_id": 848778152, "side": "sell", "size": "0.03260104", "price": "120819.34000000", "time": "2025-07-14T14:39:14.116095Z", "fetched_at": "2025-07-14T14:39:31.881539+00:00", "symbol": "BTC-USD"}, {"trade_id": 848778151, "side": "sell", "size": "0.01000000", "price": "120817.59000000", "time": "2025-07-14T14:39:14.116095Z", "fetched_at": "2025-07-14T14:39:31.881539+00:00", "symbol": "BTC-USD"}, {"trade_id": 848778150, "side": "sell", "size": "0.02574956", "price": "120817.59000000", "time": "2025-07-14T14:39:14.116095Z", "fetched_at": "2025-07-14T14:39:31.881539+00:00", "symbol": "BTC-USD"}, {"trade_id": 848778149, "side": "sell", "size": "0.00007355", "price": "120817.59000000", "time": "2025-07-14T14:39:14.116095Z", "fetched_at": "2025-07-14T14:39:31.881539+00:00", "symbol": "BTC-USD"}, {"trade_id": 848778148, "side": "sell", "size": "0.00039234", "price": "120822.33000000", "time": "2025-07-14T14:39:13.475239Z", "fetched_at": "2025-07-14T14:39:31.881539+00:00", "symbol": "BTC-USD"}, {"trade_id": 848778147, "side": "sell", "size": "0.00016380", "price": "120822.34000000", "time": "2025-07-14T14:39:13.469744Z", "fetched_at": "2025-07-14T14:39:31.881539+00:00", "symbol": "BTC-USD"}, {"trade_id": 848778146, "side": "sell", "size": "0.00011378", "price": "120822.62000000", "time": "2025-07-14T14:39:13.128464Z", "fetched_at": "2025-07-14T14:39:31.881539+00:00", "symbol": "BTC-USD"}, {"trade_id": 848778145, "side": "buy", "size": "0.00000001", "price": "120815.51000000", "time": "2025-07-14T14:39:13.104368Z", "fetched_at": "2025-07-14T14:39:31.881539+00:00", "symbol": "BTC-USD"}, {"trade_id": 848778144, "side": "buy", "size": "0.00827336", "price": "120824.44000000", "time": "2025-07-14T14:39:13.015636Z", "fetched_at": "2025-07-14T14:39:31.881539+00:00", "symbol": "BTC-USD"}, {"trade_id": 848778143, "side": "sell", "size": "0.00024574", "price": "120824.45000000", "time": "2025-07-14T14:39:12.974269Z", "fetched_at": "2025-07-14T14:39:31.881539+00:00", "symbol": "BTC-USD"}, {"trade_id": 848778142, "side": "buy", "size": "0.14082050", "price": "120806.00000000", "time": "2025-07-14T14:39:12.954339Z", "fetched_at": "2025-07-14T14:39:31.881539+00:00", "symbol": "BTC-USD"}, {"trade_id": 848778141, "side": "buy", "size": "0.00010000", "price": "120807.92000000", "time": "2025-07-14T14:39:12.954339Z", "fetched_at": "2025-07-14T14:39:31.881539+00:00", "symbol": "BTC-USD"}, {"trade_id": 848778140, "side": "buy", "size": "0.00034766", "price": "120807.95000000", "time": "2025-07-14T14:39:12.954339Z", "fetched_at": "2025-07-14T14:39:31.881539+00:00", "symbol": "BTC-USD"}, {"trade_id": 848778139, "side": "buy", "size": "0.00034766", "price": "120807.95000000", "time": "2025-07-14T14:39:12.954339Z", "fetched_at": "2025-07-14T14:39:31.881539+00:00", "symbol": "BTC-USD"}, {"trade_id": 848778138, "side": "buy", "size": "0.40000000", "price": "120808.00000000", "time": "2025-07-14T14:39:12.954339Z", "fetched_at": "2025-07-14T14:39:31.881539+00:00", "symbol": "BTC-USD"}, {"trade_id": 848778137, "side": "buy", "size": "0.40000000", "price": "120810.00000000", "time": "2025-07-14T14:39:12.954339Z", "fetched_at": "2025-07-14T14:39:31.881539+00:00", "symbol": "BTC-USD"}, {"trade_id": 848778136, "side": "buy", "size": "0.00539907", "price": "120810.01000000", "time": "2025-07-14T14:39:12.954339Z", "fetched_at": "2025-07-14T14:39:31.881539+00:00", "symbol": "BTC-USD"}, {"trade_id": 848778135, "side": "buy", "size": "0.01000000", "price": "120810.01000000", "time": "2025-07-14T14:39:12.954339Z", "fetched_at": "2025-07-14T14:39:31.881539+00:00", "symbol": "BTC-USD"}, {"trade_id": 848778134, "side": "buy", "size": "0.02643378", "price": "120810.02000000", "time": "2025-07-14T14:39:12.954339Z", "fetched_at": "2025-07-14T14:39:31.881539+00:00", "symbol": "BTC-USD"}, {"trade_id": 848778133, "side": "buy", "size": "0.00827725", "price": "120813.01000000", "time": "2025-07-14T14:39:12.954339Z", "fetched_at": "2025-07-14T14:39:31.881539+00:00", "symbol": "BTC-USD"}, {"trade_id": 848778132, "side": "buy", "size": "0.00000072", "price": "120815.51000000", "time": "2025-07-14T14:39:12.954339Z", "fetched_at": "2025-07-14T14:39:31.881539+00:00", "symbol": "BTC-USD"}, {"trade_id": 848778131, "side": "buy", "size": "0.00827336", "price": "120824.44000000", "time": "2025-07-14T14:39:12.954339Z", "fetched_at": "2025-07-14T14:39:31.881539+00:00", "symbol": "BTC-USD"}, {"trade_id": 848778130, "side": "sell", "size": "0.00020098", "price": "120823.01000000", "time": "2025-07-14T14:39:12.831718Z", "fetched_at": "2025-07-14T14:39:31.881539+00:00", "symbol": "BTC-USD"}, {"trade_id": 848778129, "side": "buy", "size": "0.00827317", "price": "120830.43000000", "time": "2025-07-14T14:39:12.648562Z", "fetched_at": "2025-07-14T14:39:31.881539+00:00", "symbol": "BTC-USD"}, {"trade_id": 848778128, "side": "buy", "size": "0.03388889", "price": "120830.43000000", "time": "2025-07-14T14:39:12.648562Z", "fetched_at": "2025-07-14T14:39:31.881539+00:00", "symbol": "BTC-USD"}, {"trade_id": 848778127, "side": "buy", "size": "0.00035200", "price": "120830.51000000", "time": "2025-07-14T14:39:12.543655Z", "fetched_at": "2025-07-14T14:39:31.881539+00:00", "symbol": "BTC-USD"}, {"trade_id": 848778126, "side": "sell", "size": "0.00003923", "price": "120830.52000000", "time": "2025-07-14T14:39:12.366303Z", "fetched_at": "2025-07-14T14:39:31.881539+00:00", "symbol": "BTC-USD"}, {"trade_id": 848778125, "side": "sell", "size": "0.00019608", "price": "120830.52000000", "time": "2025-07-14T14:39:12.325638Z", "fetched_at": "2025-07-14T14:39:31.881539+00:00", "symbol": "BTC-USD"}, {"trade_id": 848778124, "side": "sell", "size": "0.00080390", "price": "120830.52000000", "time": "2025-07-14T14:39:12.280745Z", "fetched_at": "2025-07-14T14:39:31.881539+00:00", "symbol": "BTC-USD"}, {"trade_id": 848778123, "side": "sell", "size": "0.00007355", "price": "120815.53000000", "time": "2025-07-14T14:39:12.207163Z", "fetched_at": "2025-07-14T14:39:31.881539+00:00", "symbol": "BTC-USD"}, {"trade_id": 848778122, "side": "sell", "size": "0.00000413", "price": "120815.53000000", "time": "2025-07-14T14:39:12.207163Z", "fetched_at": "2025-07-14T14:39:31.881539+00:00", "symbol": "BTC-USD"}, {"trade_id": 848778121, "side": "sell", "size": "0.01388257", "price": "120815.53000000", "time": "2025-07-14T14:39:12.207163Z", "fetched_at": "2025-07-14T14:39:31.881539+00:00", "symbol": "BTC-USD"}, {"trade_id": 848778120, "side": "buy", "size": "0.00042994", "price": "120815.52000000", "time": "2025-07-14T14:39:12.101690Z", "fetched_at": "2025-07-14T14:39:31.881539+00:00", "symbol": "BTC-USD"}, {"trade_id": 848778119, "side": "buy", "size": "0.00331000", "price": "120815.52000000", "time": "2025-07-14T14:39:12.101690Z", "fetched_at": "2025-07-14T14:39:31.881539+00:00", "symbol": "BTC-USD"}, {"trade_id": 848778118, "side": "buy", "size": "0.00002142", "price": "120815.52000000", "time": "2025-07-14T14:39:12.101690Z", "fetched_at": "2025-07-14T14:39:31.881539+00:00", "symbol": "BTC-USD"}, {"trade_id": 848778117, "side": "sell", "size": "0.00040196", "price": "120815.53000000", "time": "2025-07-14T14:39:11.841369Z", "fetched_at": "2025-07-14T14:39:31.881539+00:00", "symbol": "BTC-USD"}, {"trade_id": 848778116, "side": "buy", "size": "0.00006487", "price": "120811.72000000", "time": "2025-07-14T14:39:11.616523Z", "fetched_at": "2025-07-14T14:39:31.881539+00:00", "symbol": "BTC-USD"}, {"trade_id": 848778115, "side": "sell", "size": "0.00042000", "price": "120812.16000000", "time": "2025-07-14T14:39:11.585067Z", "fetched_at": "2025-07-14T14:39:31.881539+00:00", "symbol": "BTC-USD"}, {"trade_id": 848778114, "side": "buy", "size": "0.00043455", "price": "120814.75000000", "time": "2025-07-14T14:39:11.576770Z", "fetched_at": "2025-07-14T14:39:31.881539+00:00", "symbol": "BTC-USD"}, {"trade_id": 848778113, "side": "buy", "size": "0.00331126", "price": "120815.18000000", "time": "2025-07-14T14:39:11.576770Z", "fetched_at": "2025-07-14T14:39:31.881539+00:00", "symbol": "BTC-USD"}, {"trade_id": 848778112, "side": "buy", "size": "0.00007644", "price": "120815.50000000", "time": "2025-07-14T14:39:11.576770Z", "fetched_at": "2025-07-14T14:39:31.881539+00:00", "symbol": "BTC-USD"}, {"trade_id": 848778111, "side": "buy", "size": "0.01736470", "price": "120817.50000000", "time": "2025-07-14T14:39:11.525947Z", "fetched_at": "2025-07-14T14:39:31.881539+00:00", "symbol": "BTC-USD"}, {"trade_id": 848778110, "side": "buy", "size": "0.00008424", "price": "120820.56000000", "time": "2025-07-14T14:39:11.525947Z", "fetched_at": "2025-07-14T14:39:31.881539+00:00", "symbol": "BTC-USD"}, {"trade_id": 848778109, "side": "buy", "size": "0.00004139", "price": "120820.63000000", "time": "2025-07-14T14:39:11.525947Z", "fetched_at": "2025-07-14T14:39:31.881539+00:00", "symbol": "BTC-USD"}, {"trade_id": 848778108, "side": "buy", "size": "0.00015345", "price": "120820.74000000", "time": "2025-07-14T14:39:11.525947Z", "fetched_at": "2025-07-14T14:39:31.881539+00:00", "symbol": "BTC-USD"}, {"trade_id": 848778107, "side": "buy", "size": "0.00209644", "price": "120821.16000000", "time": "2025-07-14T14:39:11.523786Z", "fetched_at": "2025-07-14T14:39:31.881539+00:00", "symbol": "BTC-USD"}, {"trade_id": 848778106, "side": "buy", "size": "0.00001000", "price": "120821.47000000", "time": "2025-07-14T14:39:11.523786Z", "fetched_at": "2025-07-14T14:39:31.881539+00:00", "symbol": "BTC-USD"}, {"trade_id": 848778105, "side": "buy", "size": "0.00001196", "price": "120822.59000000", "time": "2025-07-14T14:39:11.523786Z", "fetched_at": "2025-07-14T14:39:31.881539+00:00", "symbol": "BTC-USD"}, {"trade_id": 848778104, "side": "buy", "size": "0.00839958", "price": "120823.00000000", "time": "2025-07-14T14:39:11.523786Z", "fetched_at": "2025-07-14T14:39:31.881539+00:00", "symbol": "BTC-USD"}, {"trade_id": 848778103, "side": "buy", "size": "0.00827651", "price": "120823.72000000", "time": "2025-07-14T14:39:11.523786Z", "fetched_at": "2025-07-14T14:39:31.881539+00:00", "symbol": "BTC-USD"}, {"trade_id": 848778102, "side": "buy", "size": "0.00016553", "price": "120825.28000000", "time": "2025-07-14T14:39:11.523786Z", "fetched_at": "2025-07-14T14:39:31.881539+00:00", "symbol": "BTC-USD"}, {"trade_id": 848778101, "side": "buy", "size": "0.00000083", "price": "120825.45000000", "time": "2025-07-14T14:39:11.523786Z", "fetched_at": "2025-07-14T14:39:31.881539+00:00", "symbol": "BTC-USD"}, {"trade_id": 848778100, "side": "buy", "size": "0.00827352", "price": "120825.73000000", "time": "2025-07-14T14:39:11.523786Z", "fetched_at": "2025-07-14T14:39:31.881539+00:00", "symbol": "BTC-USD"}, {"trade_id": 848778099, "side": "buy", "size": "0.00039871", "price": "120826.62000000", "time": "2025-07-14T14:39:11.523786Z", "fetched_at": "2025-07-14T14:39:31.881539+00:00", "symbol": "BTC-USD"}, {"trade_id": 848778098, "side": "buy", "size": "0.01958266", "price": "120829.46000000", "time": "2025-07-14T14:39:11.520984Z", "fetched_at": "2025-07-14T14:39:31.881539+00:00", "symbol": "BTC-USD"}, {"trade_id": 848778097, "side": "buy", "size": "0.12578627", "price": "120829.46000000", "time": "2025-07-14T14:39:11.520702Z", "fetched_at": "2025-07-14T14:39:31.881539+00:00", "symbol": "BTC-USD"}, {"trade_id": 848778096, "side": "buy", "size": "0.01463107", "price": "120829.46000000", "time": "2025-07-14T14:39:11.519824Z", "fetched_at": "2025-07-14T14:39:31.881539+00:00", "symbol": "BTC-USD"}, {"trade_id": 848778095, "side": "buy", "size": "0.00827606", "price": "120830.51000000", "time": "2025-07-14T14:39:11.519824Z", "fetched_at": "2025-07-14T14:39:31.881539+00:00", "symbol": "BTC-USD"}, {"trade_id": 848778094, "side": "sell", "size": "0.00406441", "price": "120832.33000000", "time": "2025-07-14T14:39:11.394905Z", "fetched_at": "2025-07-14T14:39:31.881539+00:00", "symbol": "BTC-USD"}, {"trade_id": 848778093, "side": "sell", "size": "0.00007355", "price": "120832.33000000", "time": "2025-07-14T14:39:11.394905Z", "fetched_at": "2025-07-14T14:39:31.881539+00:00", "symbol": "BTC-USD"}, {"trade_id": 848778092, "side": "buy", "size": "0.00827607", "price": "120830.15000000", "time": "2025-07-14T14:39:11.250544Z", "fetched_at": "2025-07-14T14:39:31.881539+00:00", "symbol": "BTC-USD"}, {"trade_id": 848778091, "side": "buy", "size": "0.00001000", "price": "120830.54000000", "time": "2025-07-14T14:39:11.250544Z", "fetched_at": "2025-07-14T14:39:31.881539+00:00", "symbol": "BTC-USD"}, {"trade_id": 848778090, "side": "buy", "size": "0.00827586", "price": "120833.30000000", "time": "2025-07-14T14:39:11.250544Z", "fetched_at": "2025-07-14T14:39:31.881539+00:00", "symbol": "BTC-USD"}, {"trade_id": 848778089, "side": "buy", "size": "0.05924077", "price": "120835.11000000", "time": "2025-07-14T14:39:11.250544Z", "fetched_at": "2025-07-14T14:39:31.881539+00:00", "symbol": "BTC-USD"}, {"trade_id": 848778088, "side": "buy", "size": "0.00894450", "price": "120835.11000000", "time": "2025-07-14T14:39:11.172345Z", "fetched_at": "2025-07-14T14:39:31.881539+00:00", "symbol": "BTC-USD"}, {"trade_id": 848778087, "side": "sell", "size": "0.00007985", "price": "120837.37000000", "time": "2025-07-14T14:39:10.803281Z", "fetched_at": "2025-07-14T14:39:31.881539+00:00", "symbol": "BTC-USD"}, {"trade_id": 848778086, "side": "sell", "size": "0.00040954", "price": "120844.68000000", "time": "2025-07-14T14:39:10.631301Z", "fetched_at": "2025-07-14T14:39:31.881539+00:00", "symbol": "BTC-USD"}, {"trade_id": 848778085, "side": "sell", "size": "0.00020475", "price": "120846.49000000", "time": "2025-07-14T14:39:10.582655Z", "fetched_at": "2025-07-14T14:39:31.881539+00:00", "symbol": "BTC-USD"}, {"trade_id": 848778084, "side": "sell", "size": "0.00000001", "price": "120846.49000000", "time": "2025-07-14T14:39:10.513509Z", "fetched_at": "2025-07-14T14:39:31.881539+00:00", "symbol": "BTC-USD"}, {"trade_id": 848778083, "side": "sell", "size": "0.00016080", "price": "120846.50000000", "time": "2025-07-14T14:39:10.354835Z", "fetched_at": "2025-07-14T14:39:31.881539+00:00", "symbol": "BTC-USD"}, {"trade_id": 848778082, "side": "sell", "size": "0.00827547", "price": "120839.07000000", "time": "2025-07-14T14:39:10.122775Z", "fetched_at": "2025-07-14T14:39:31.881539+00:00", "symbol": "BTC-USD"}, {"trade_id": 848778081, "side": "sell", "size": "0.00633901", "price": "120839.03000000", "time": "2025-07-14T14:39:10.122775Z", "fetched_at": "2025-07-14T14:39:31.881539+00:00", "symbol": "BTC-USD"}, {"trade_id": 848778080, "side": "sell", "size": "0.00546780", "price": "120837.26000000", "time": "2025-07-14T14:39:10.122775Z", "fetched_at": "2025-07-14T14:39:31.881539+00:00", "symbol": "BTC-USD"}, {"trade_id": 848778079, "side": "buy", "size": "0.00124136", "price": "120837.25000000", "time": "2025-07-14T14:39:09.649537Z", "fetched_at": "2025-07-14T14:39:31.881539+00:00", "symbol": "BTC-USD"}, {"trade_id": 848778078, "side": "sell", "size": "0.00073037", "price": "120837.25000000", "time": "2025-07-14T14:39:09.631906Z", "fetched_at": "2025-07-14T14:39:31.881539+00:00", "symbol": "BTC-USD"}, {"trade_id": 848778077, "side": "sell", "size": "0.00007355", "price": "120835.21000000", "time": "2025-07-14T14:39:09.631906Z", "fetched_at": "2025-07-14T14:39:31.881539+00:00", "symbol": "BTC-USD"}, {"trade_id": 848778076, "side": "sell", "size": "0.00032841", "price": "120837.02000000", "time": "2025-07-14T14:39:09.266755Z", "fetched_at": "2025-07-14T14:39:31.881539+00:00", "symbol": "BTC-USD"}, {"trade_id": 848778075, "side": "sell", "size": "0.00007355", "price": "120835.21000000", "time": "2025-07-14T14:39:09.266755Z", "fetched_at": "2025-07-14T14:39:31.881539+00:00", "symbol": "BTC-USD"}, {"trade_id": 848778074, "side": "sell", "size": "0.00003890", "price": "120835.21000000", "time": "2025-07-14T14:39:09.255763Z", "fetched_at": "2025-07-14T14:39:31.881539+00:00", "symbol": "BTC-USD"}, {"trade_id": 848778073, "side": "sell", "size": "0.00001843", "price": "120835.21000000", "time": "2025-07-14T14:39:09.127555Z", "fetched_at": "2025-07-14T14:39:31.881539+00:00", "symbol": "BTC-USD"}, {"trade_id": 848778072, "side": "sell", "size": "0.00039230", "price": "120835.85000000", "time": "2025-07-14T14:39:09.045182Z", "fetched_at": "2025-07-14T14:39:31.881539+00:00", "symbol": "BTC-USD"}, {"trade_id": 848778071, "side": "sell", "size": "0.00080392", "price": "120835.90000000", "time": "2025-07-14T14:39:08.837971Z", "fetched_at": "2025-07-14T14:39:31.881539+00:00", "symbol": "BTC-USD"}, {"trade_id": 848778070, "side": "buy", "size": "0.00919141", "price": "120835.11000000", "time": "2025-07-14T14:39:08.836229Z", "fetched_at": "2025-07-14T14:39:31.881539+00:00", "symbol": "BTC-USD"}, {"trade_id": 848778069, "side": "buy", "size": "0.00000016", "price": "120835.11000000", "time": "2025-07-14T14:39:08.836229Z", "fetched_at": "2025-07-14T14:39:31.881539+00:00", "symbol": "BTC-USD"}, {"trade_id": 848778068, "side": "buy", "size": "0.00000115", "price": "120835.89000000", "time": "2025-07-14T14:39:08.836229Z", "fetched_at": "2025-07-14T14:39:31.881539+00:00", "symbol": "BTC-USD"}, {"trade_id": 848778067, "side": "sell", "size": "0.00050000", "price": "120835.90000000", "time": "2025-07-14T14:39:08.474221Z", "fetched_at": "2025-07-14T14:39:31.881539+00:00", "symbol": "BTC-USD"}, {"trade_id": 848778066, "side": "sell", "size": "0.01176961", "price": "120835.90000000", "time": "2025-07-14T14:39:08.437666Z", "fetched_at": "2025-07-14T14:39:31.881539+00:00", "symbol": "BTC-USD"}, {"trade_id": 848778065, "side": "sell", "size": "0.00073046", "price": "120837.26000000", "time": "2025-07-14T14:39:08.009127Z", "fetched_at": "2025-07-14T14:39:31.881539+00:00", "symbol": "BTC-USD"}, {"trade_id": 848778064, "side": "sell", "size": "0.00007355", "price": "120837.25000000", "time": "2025-07-14T14:39:08.009127Z", "fetched_at": "2025-07-14T14:39:31.881539+00:00", "symbol": "BTC-USD"}, {"trade_id": 848778063, "side": "sell", "size": "0.00040196", "price": "120836.91000000", "time": "2025-07-14T14:39:07.736683Z", "fetched_at": "2025-07-14T14:39:31.881539+00:00", "symbol": "BTC-USD"}, {"trade_id": 848778062, "side": "sell", "size": "0.00004095", "price": "120836.91000000", "time": "2025-07-14T14:39:07.733912Z", "fetched_at": "2025-07-14T14:39:31.881539+00:00", "symbol": "BTC-USD"}, {"trade_id": 848778061, "side": "sell", "size": "0.00007987", "price": "120835.12000000", "time": "2025-07-14T14:39:07.667566Z", "fetched_at": "2025-07-14T14:39:31.881539+00:00", "symbol": "BTC-USD"}, {"trade_id": 848778060, "side": "sell", "size": "0.00033767", "price": "120835.12000000", "time": "2025-07-14T14:39:07.494438Z", "fetched_at": "2025-07-14T14:39:31.881539+00:00", "symbol": "BTC-USD"}, {"trade_id": 848778059, "side": "sell", "size": "0.00026211", "price": "120835.12000000", "time": "2025-07-14T14:39:07.493577Z", "fetched_at": "2025-07-14T14:39:31.881539+00:00", "symbol": "BTC-USD"}, {"trade_id": 848778058, "side": "sell", "size": "0.00001719", "price": "120837.25000000", "time": "2025-07-14T14:39:07.106575Z", "fetched_at": "2025-07-14T14:39:31.881539+00:00", "symbol": "BTC-USD"}, {"trade_id": 848778057, "side": "sell", "size": "0.00016077", "price": "120837.25000000", "time": "2025-07-14T14:39:07.058193Z", "fetched_at": "2025-07-14T14:39:31.881539+00:00", "symbol": "BTC-USD"}, {"trade_id": 848778056, "side": "sell", "size": "0.00081897", "price": "120837.23000000", "time": "2025-07-14T14:39:06.786784Z", "fetched_at": "2025-07-14T14:39:31.881539+00:00", "symbol": "BTC-USD"}, {"trade_id": 848778055, "side": "buy", "size": "0.00741668", "price": "120831.33000000", "time": "2025-07-14T14:39:06.619696Z", "fetched_at": "2025-07-14T14:39:31.881539+00:00", "symbol": "BTC-USD"}, {"trade_id": 848778054, "side": "buy", "size": "0.00008276", "price": "120834.32000000", "time": "2025-07-14T14:39:06.619696Z", "fetched_at": "2025-07-14T14:39:31.881539+00:00", "symbol": "BTC-USD"}, {"trade_id": 848778053, "side": "buy", "size": "0.00122244", "price": "120834.71000000", "time": "2025-07-14T14:39:06.619696Z", "fetched_at": "2025-07-14T14:39:31.881539+00:00", "symbol": "BTC-USD"}, {"trade_id": 848778052, "side": "buy", "size": "0.00000041", "price": "120837.25000000", "time": "2025-07-14T14:39:06.619696Z", "fetched_at": "2025-07-14T14:39:31.881539+00:00", "symbol": "BTC-USD"}, {"trade_id": 848778051, "side": "sell", "size": "0.00016380", "price": "120837.26000000", "time": "2025-07-14T14:39:06.564130Z", "fetched_at": "2025-07-14T14:39:31.881539+00:00", "symbol": "BTC-USD"}, {"trade_id": 848778050, "side": "sell", "size": "0.00062793", "price": "120837.26000000", "time": "2025-07-14T14:39:06.371559Z", "fetched_at": "2025-07-14T14:39:31.881539+00:00", "symbol": "BTC-USD"}, {"trade_id": 848778049, "side": "sell", "size": "0.00015223", "price": "120837.26000000", "time": "2025-07-14T14:39:06.195163Z", "fetched_at": "2025-07-14T14:39:31.881539+00:00", "symbol": "BTC-USD"}, {"trade_id": 848778048, "side": "sell", "size": "0.00001157", "price": "120837.26000000", "time": "2025-07-14T14:39:06.195163Z", "fetched_at": "2025-07-14T14:39:31.881539+00:00", "symbol": "BTC-USD"}, {"trade_id": 848778047, "side": "sell", "size": "0.00020098", "price": "120837.26000000", "time": "2025-07-14T14:39:05.657638Z", "fetched_at": "2025-07-14T14:39:31.881539+00:00", "symbol": "BTC-USD"}, {"trade_id": 848778046, "side": "sell", "size": "0.00240293", "price": "120837.26000000", "time": "2025-07-14T14:39:05.553865Z", "fetched_at": "2025-07-14T14:39:31.881539+00:00", "symbol": "BTC-USD"}, {"trade_id": 848778045, "side": "sell", "size": "0.00084356", "price": "120837.25000000", "time": "2025-07-14T14:39:05.460682Z", "fetched_at": "2025-07-14T14:39:31.881539+00:00", "symbol": "BTC-USD"}, {"trade_id": 848778044, "side": "sell", "size": "0.00007985", "price": "120837.25000000", "time": "2025-07-14T14:39:05.454031Z", "fetched_at": "2025-07-14T14:39:31.881539+00:00", "symbol": "BTC-USD"}, {"trade_id": 848778043, "side": "sell", "size": "0.00080392", "price": "120835.11000000", "time": "2025-07-14T14:39:05.285845Z", "fetched_at": "2025-07-14T14:39:31.881539+00:00", "symbol": "BTC-USD"}, {"trade_id": 848778042, "side": "buy", "size": "0.00177756", "price": "120834.71000000", "time": "2025-07-14T14:39:05.173208Z", "fetched_at": "2025-07-14T14:39:31.881539+00:00", "symbol": "BTC-USD"}, {"trade_id": 848778041, "side": "buy", "size": "0.00000082", "price": "120839.61000000", "time": "2025-07-14T14:39:05.173208Z", "fetched_at": "2025-07-14T14:39:31.881539+00:00", "symbol": "BTC-USD"}, {"trade_id": 848778040, "side": "buy", "size": "0.00001000", "price": "120839.61000000", "time": "2025-07-14T14:39:05.173208Z", "fetched_at": "2025-07-14T14:39:31.881539+00:00", "symbol": "BTC-USD"}, {"trade_id": 848778039, "side": "sell", "size": "0.00038000", "price": "120839.62000000", "time": "2025-07-14T14:39:05.126971Z", "fetched_at": "2025-07-14T14:39:31.881539+00:00", "symbol": "BTC-USD"}, {"trade_id": 848778038, "side": "sell", "size": "0.00020098", "price": "120843.48000000", "time": "2025-07-14T14:39:05.027834Z", "fetched_at": "2025-07-14T14:39:31.881539+00:00", "symbol": "BTC-USD"}, {"trade_id": 848778037, "side": "buy", "size": "0.00016620", "price": "120843.47000000", "time": "2025-07-14T14:39:04.985654Z", "fetched_at": "2025-07-14T14:39:31.881539+00:00", "symbol": "BTC-USD"}, {"trade_id": 848778036, "side": "buy", "size": "0.00002134", "price": "120843.47000000", "time": "2025-07-14T14:39:04.939499Z", "fetched_at": "2025-07-14T14:39:31.881539+00:00", "symbol": "BTC-USD"}, {"trade_id": 848778035, "side": "sell", "size": "0.00012056", "price": "120840.45000000", "time": "2025-07-14T14:39:04.886794Z", "fetched_at": "2025-07-14T14:39:31.881539+00:00", "symbol": "BTC-USD"}, {"trade_id": 848778034, "side": "sell", "size": "0.00008190", "price": "120843.49000000", "time": "2025-07-14T14:39:04.832584Z", "fetched_at": "2025-07-14T14:39:31.881539+00:00", "symbol": "BTC-USD"}, {"trade_id": 848778033, "side": "sell", "size": "0.01612569", "price": "120849.53000000", "time": "2025-07-14T14:39:04.567419Z", "fetched_at": "2025-07-14T14:39:31.881539+00:00", "symbol": "BTC-USD"}, {"trade_id": 848778032, "side": "sell", "size": "0.01047136", "price": "120849.53000000", "time": "2025-07-14T14:39:04.552112Z", "fetched_at": "2025-07-14T14:39:31.881539+00:00", "symbol": "BTC-USD"}, {"trade_id": 848778031, "side": "buy", "size": "0.00101708", "price": "120849.53000000", "time": "2025-07-14T14:39:04.342422Z", "fetched_at": "2025-07-14T14:39:31.881539+00:00", "symbol": "BTC-USD"}, {"trade_id": 848778030, "side": "buy", "size": "0.00110686", "price": "120844.90000000", "time": "2025-07-14T14:39:04.165760Z", "fetched_at": "2025-07-14T14:39:31.881539+00:00", "symbol": "BTC-USD"}, {"trade_id": 848778029, "side": "buy", "size": "0.00000165", "price": "120856.49000000", "time": "2025-07-14T14:39:04.165760Z", "fetched_at": "2025-07-14T14:39:31.881539+00:00", "symbol": "BTC-USD"}, {"trade_id": 848778028, "side": "buy", "size": "0.00027573", "price": "120856.49000000", "time": "2025-07-14T14:39:03.897389Z", "fetched_at": "2025-07-14T14:39:31.881539+00:00", "symbol": "BTC-USD"}, {"trade_id": 848778027, "side": "sell", "size": "0.00011285", "price": "120853.97000000", "time": "2025-07-14T14:39:03.604029Z", "fetched_at": "2025-07-14T14:39:31.881539+00:00", "symbol": "BTC-USD"}, {"trade_id": 848778026, "side": "sell", "size": "0.00072507", "price": "120858.32000000", "time": "2025-07-14T14:39:03.383072Z", "fetched_at": "2025-07-14T14:39:31.881539+00:00", "symbol": "BTC-USD"}, {"trade_id": 848778025, "side": "sell", "size": "0.00000819", "price": "120856.56000000", "time": "2025-07-14T14:39:03.383072Z", "fetched_at": "2025-07-14T14:39:31.881539+00:00", "symbol": "BTC-USD"}, {"trade_id": 848778024, "side": "sell", "size": "0.00007354", "price": "120856.50000000", "time": "2025-07-14T14:39:03.383072Z", "fetched_at": "2025-07-14T14:39:31.881539+00:00", "symbol": "BTC-USD"}, {"trade_id": 848778023, "side": "sell", "size": "0.00002460", "price": "120856.50000000", "time": "2025-07-14T14:39:03.317390Z", "fetched_at": "2025-07-14T14:39:31.881539+00:00", "symbol": "BTC-USD"}, {"trade_id": 848778022, "side": "sell", "size": "0.00004504", "price": "120843.30000000", "time": "2025-07-14T14:39:03.210613Z", "fetched_at": "2025-07-14T14:39:31.881539+00:00", "symbol": "BTC-USD"}, {"trade_id": 848778021, "side": "sell", "size": "0.00007354", "price": "120841.49000000", "time": "2025-07-14T14:39:03.210613Z", "fetched_at": "2025-07-14T14:39:31.881539+00:00", "symbol": "BTC-USD"}, {"trade_id": 848778020, "side": "buy", "size": "0.00000323", "price": "120840.00000000", "time": "2025-07-14T14:39:03.148686Z", "fetched_at": "2025-07-14T14:39:31.881539+00:00", "symbol": "BTC-USD"}, {"trade_id": 848778019, "side": "buy", "size": "0.01261010", "price": "120841.34000000", "time": "2025-07-14T14:39:03.148686Z", "fetched_at": "2025-07-14T14:39:31.881539+00:00", "symbol": "BTC-USD"}, {"trade_id": 848778018, "side": "buy", "size": "0.00000115", "price": "120841.48000000", "time": "2025-07-14T14:39:03.148686Z", "fetched_at": "2025-07-14T14:39:31.881539+00:00", "symbol": "BTC-USD"}, {"trade_id": 848778017, "side": "buy", "size": "0.00645473", "price": "120841.48000000", "time": "2025-07-14T14:39:03.148686Z", "fetched_at": "2025-07-14T14:39:31.881539+00:00", "symbol": "BTC-USD"}, {"trade_id": 848778016, "side": "sell", "size": "0.00020098", "price": "120841.49000000", "time": "2025-07-14T14:39:03.018772Z", "fetched_at": "2025-07-14T14:39:31.881539+00:00", "symbol": "BTC-USD"}, {"trade_id": 848778015, "side": "buy", "size": "0.00026223", "price": "120842.83000000", "time": "2025-07-14T14:39:03.000317Z", "fetched_at": "2025-07-14T14:39:31.881539+00:00", "symbol": "BTC-USD"}, {"trade_id": 848778014, "side": "buy", "size": "0.02129379", "price": "120844.44000000", "time": "2025-07-14T14:39:03.000317Z", "fetched_at": "2025-07-14T14:39:31.881539+00:00", "symbol": "BTC-USD"}, {"trade_id": 848778013, "side": "buy", "size": "0.01870621", "price": "120844.44000000", "time": "2025-07-14T14:39:03.000140Z", "fetched_at": "2025-07-14T14:39:31.881539+00:00", "symbol": "BTC-USD"}, {"trade_id": 848778012, "side": "buy", "size": "0.00037185", "price": "120844.44000000", "time": "2025-07-14T14:39:03.000140Z", "fetched_at": "2025-07-14T14:39:31.881539+00:00", "symbol": "BTC-USD"}, {"trade_id": 848778011, "side": "buy", "size": "0.00020606", "price": "120847.22000000", "time": "2025-07-14T14:39:02.965100Z", "fetched_at": "2025-07-14T14:39:31.881539+00:00", "symbol": "BTC-USD"}, {"trade_id": 848778010, "side": "buy", "size": "0.00001712", "price": "120849.31000000", "time": "2025-07-14T14:39:02.965100Z", "fetched_at": "2025-07-14T14:39:31.881539+00:00", "symbol": "BTC-USD"}, {"trade_id": 848778009, "side": "buy", "size": "0.00000049", "price": "120849.97000000", "time": "2025-07-14T14:39:02.956475Z", "fetched_at": "2025-07-14T14:39:31.881539+00:00", "symbol": "BTC-USD"}, {"trade_id": 848778008, "side": "buy", "size": "0.00195234", "price": "120850.00000000", "time": "2025-07-14T14:39:02.956475Z", "fetched_at": "2025-07-14T14:39:31.881539+00:00", "symbol": "BTC-USD"}, {"trade_id": 848778007, "side": "buy", "size": "0.00039855", "price": "120850.00000000", "time": "2025-07-14T14:39:02.956475Z", "fetched_at": "2025-07-14T14:39:31.881539+00:00", "symbol": "BTC-USD"}, {"trade_id": 848778006, "side": "buy", "size": "0.05022490", "price": "120850.00000000", "time": "2025-07-14T14:39:02.956475Z", "fetched_at": "2025-07-14T14:39:31.881539+00:00", "symbol": "BTC-USD"}, {"trade_id": 848778005, "side": "buy", "size": "0.00827071", "price": "120856.55000000", "time": "2025-07-14T14:39:02.956475Z", "fetched_at": "2025-07-14T14:39:31.881539+00:00", "symbol": "BTC-USD"}, {"trade_id": 848778004, "side": "buy", "size": "0.00827440", "price": "120854.74000000", "time": "2025-07-14T14:39:02.950922Z", "fetched_at": "2025-07-14T14:39:31.881539+00:00", "symbol": "BTC-USD"}, {"trade_id": 848778003, "side": "buy", "size": "0.00154697", "price": "120855.03000000", "time": "2025-07-14T14:39:02.950922Z", "fetched_at": "2025-07-14T14:39:31.881539+00:00", "symbol": "BTC-USD"}, {"trade_id": 848778002, "side": "buy", "size": "0.00000330", "price": "120856.55000000", "time": "2025-07-14T14:39:02.948078Z", "fetched_at": "2025-07-14T14:39:31.881539+00:00", "symbol": "BTC-USD"}, {"trade_id": 848778001, "side": "buy", "size": "0.00827130", "price": "120856.55000000", "time": "2025-07-14T14:39:02.948078Z", "fetched_at": "2025-07-14T14:39:31.881539+00:00", "symbol": "BTC-USD"}, {"trade_id": 848778000, "side": "sell", "size": "0.00827430", "price": "120856.12000000", "time": "2025-07-14T14:39:02.739992Z", "fetched_at": "2025-07-14T14:39:31.881539+00:00", "symbol": "BTC-USD"}, {"trade_id": 848777999, "side": "sell", "size": "0.03057179", "price": "120854.54000000", "time": "2025-07-14T14:39:02.733819Z", "fetched_at": "2025-07-14T14:39:31.881539+00:00", "symbol": "BTC-USD"}, {"trade_id": 848777998, "side": "sell", "size": "0.00007353", "price": "120854.31000000", "time": "2025-07-14T14:39:02.733819Z", "fetched_at": "2025-07-14T14:39:31.881539+00:00", "symbol": "BTC-USD"}, {"trade_id": 848777997, "side": "sell", "size": "0.02363766", "price": "120854.31000000", "time": "2025-07-14T14:39:02.733819Z", "fetched_at": "2025-07-14T14:39:31.881539+00:00", "symbol": "BTC-USD"}, {"trade_id": 848777996, "side": "sell", "size": "0.00828249", "price": "120854.31000000", "time": "2025-07-14T14:39:02.733251Z", "fetched_at": "2025-07-14T14:39:31.881539+00:00", "symbol": "BTC-USD"}, {"trade_id": 848777995, "side": "sell", "size": "0.00007985", "price": "120854.31000000", "time": "2025-07-14T14:39:02.476256Z", "fetched_at": "2025-07-14T14:39:31.881539+00:00", "symbol": "BTC-USD"}, {"trade_id": 848777994, "side": "buy", "size": "0.00020694", "price": "120850.00000000", "time": "2025-07-14T14:39:02.215168Z", "fetched_at": "2025-07-14T14:39:31.881539+00:00", "symbol": "BTC-USD"}, {"trade_id": 848777993, "side": "buy", "size": "0.00000001", "price": "120850.00000000", "time": "2025-07-14T14:39:02.215168Z", "fetched_at": "2025-07-14T14:39:31.881539+00:00", "symbol": "BTC-USD"}, {"trade_id": 848777992, "side": "buy", "size": "0.00028489", "price": "120850.00000000", "time": "2025-07-14T14:39:02.215168Z", "fetched_at": "2025-07-14T14:39:31.881539+00:00", "symbol": "BTC-USD"}, {"trade_id": 848777991, "side": "buy", "size": "0.00263473", "price": "120850.00000000", "time": "2025-07-14T14:39:02.215168Z", "fetched_at": "2025-07-14T14:39:31.881539+00:00", "symbol": "BTC-USD"}, {"trade_id": 848777990, "side": "buy", "size": "0.00465299", "price": "120851.15000000", "time": "2025-07-14T14:39:02.215168Z", "fetched_at": "2025-07-14T14:39:31.881539+00:00", "symbol": "BTC-USD"}, {"trade_id": 848777989, "side": "buy", "size": "0.00132893", "price": "120852.03000000", "time": "2025-07-14T14:39:02.215168Z", "fetched_at": "2025-07-14T14:39:31.881539+00:00", "symbol": "BTC-USD"}, {"trade_id": 848777988, "side": "buy", "size": "0.00008175", "price": "120854.81000000", "time": "2025-07-14T14:39:02.215168Z", "fetched_at": "2025-07-14T14:39:31.881539+00:00", "symbol": "BTC-USD"}, {"trade_id": 848777987, "side": "buy", "size": "0.00193000", "price": "120856.10000000", "time": "2025-07-14T14:39:02.215168Z", "fetched_at": "2025-07-14T14:39:31.881539+00:00", "symbol": "BTC-USD"}, {"trade_id": 848777986, "side": "sell", "size": "0.00144703", "price": "120856.11000000", "time": "2025-07-14T14:39:02.193441Z", "fetched_at": "2025-07-14T14:39:31.881539+00:00", "symbol": "BTC-USD"}, {"trade_id": 848777985, "side": "buy", "size": "0.00004021", "price": "120856.24000000", "time": "2025-07-14T14:39:02.136340Z", "fetched_at": "2025-07-14T14:39:31.881539+00:00", "symbol": "BTC-USD"}, {"trade_id": 848777984, "side": "buy", "size": "0.00827211", "price": "120856.55000000", "time": "2025-07-14T14:39:02.136340Z", "fetched_at": "2025-07-14T14:39:31.881539+00:00", "symbol": "BTC-USD"}, {"trade_id": 848777983, "side": "buy", "size": "0.03047531", "price": "120856.55000000", "time": "2025-07-14T14:39:02.136340Z", "fetched_at": "2025-07-14T14:39:31.881539+00:00", "symbol": "BTC-USD"}, {"trade_id": 848777982, "side": "buy", "size": "0.04908827", "price": "120856.55000000", "time": "2025-07-14T14:39:02.048897Z", "fetched_at": "2025-07-14T14:39:31.881539+00:00", "symbol": "BTC-USD"}, {"trade_id": 848777981, "side": "buy", "size": "0.00084880", "price": "120856.55000000", "time": "2025-07-14T14:39:02.048897Z", "fetched_at": "2025-07-14T14:39:31.881539+00:00", "symbol": "BTC-USD"}, {"trade_id": 848777980, "side": "sell", "size": "0.00409483", "price": "120856.56000000", "time": "2025-07-14T14:39:01.792243Z", "fetched_at": "2025-07-14T14:39:31.881539+00:00", "symbol": "BTC-USD"}, {"trade_id": 848777979, "side": "buy", "size": "0.00000322", "price": "120859.26000000", "time": "2025-07-14T14:39:01.506925Z", "fetched_at": "2025-07-14T14:39:31.881539+00:00", "symbol": "BTC-USD"}, {"trade_id": 848777978, "side": "buy", "size": "0.02578850", "price": "120859.26000000", "time": "2025-07-14T14:39:01.506925Z", "fetched_at": "2025-07-14T14:39:31.881539+00:00", "symbol": "BTC-USD"}, {"trade_id": 848777977, "side": "buy", "size": "0.00000095", "price": "120859.27000000", "time": "2025-07-14T14:39:01.506925Z", "fetched_at": "2025-07-14T14:39:31.881539+00:00", "symbol": "BTC-USD"}, {"trade_id": 848777976, "side": "sell", "size": "0.00020432", "price": "120859.28000000", "time": "2025-07-14T14:39:01.503424Z", "fetched_at": "2025-07-14T14:39:31.881539+00:00", "symbol": "BTC-USD"}, {"trade_id": 848777975, "side": "buy", "size": "0.00827066", "price": "120867.41000000", "time": "2025-07-14T14:39:01.462345Z", "fetched_at": "2025-07-14T14:39:31.881539+00:00", "symbol": "BTC-USD"}, {"trade_id": 848777974, "side": "buy", "size": "0.00007353", "price": "120867.41000000", "time": "2025-07-14T14:39:01.462345Z", "fetched_at": "2025-07-14T14:39:31.881539+00:00", "symbol": "BTC-USD"}, {"trade_id": 848777973, "side": "sell", "size": "0.00020598", "price": "120867.42000000", "time": "2025-07-14T14:39:01.357503Z", "fetched_at": "2025-07-14T14:39:31.881539+00:00", "symbol": "BTC-USD"}, {"trade_id": 848777972, "side": "buy", "size": "0.00007353", "price": "120867.43000000", "time": "2025-07-14T14:39:01.106693Z", "fetched_at": "2025-07-14T14:39:31.881539+00:00", "symbol": "BTC-USD"}, {"trade_id": 848777971, "side": "buy", "size": "0.00661518", "price": "120867.43000000", "time": "2025-07-14T14:39:01.106693Z", "fetched_at": "2025-07-14T14:39:31.881539+00:00", "symbol": "BTC-USD"}, {"trade_id": 848777970, "side": "buy", "size": "0.00827154", "price": "120867.43000000", "time": "2025-07-14T14:39:01.106693Z", "fetched_at": "2025-07-14T14:39:31.881539+00:00", "symbol": "BTC-USD"}, {"trade_id": 848777969, "side": "buy", "size": "0.00001572", "price": "120867.43000000", "time": "2025-07-14T14:39:01.106693Z", "fetched_at": "2025-07-14T14:39:31.881539+00:00", "symbol": "BTC-USD"}, {"trade_id": 848777968, "side": "sell", "size": "0.00015690", "price": "120867.44000000", "time": "2025-07-14T14:39:00.716130Z", "fetched_at": "2025-07-14T14:39:31.881539+00:00", "symbol": "BTC-USD"}, {"trade_id": 848777967, "side": "sell", "size": "0.06028818", "price": "120871.55000000", "time": "2025-07-14T14:39:00.074944Z", "fetched_at": "2025-07-14T14:39:31.881539+00:00", "symbol": "BTC-USD"}, {"trade_id": 848777966, "side": "buy", "size": "0.00827083", "price": "120871.53000000", "time": "2025-07-14T14:39:00.032069Z", "fetched_at": "2025-07-14T14:39:31.881539+00:00", "symbol": "BTC-USD"}, {"trade_id": 848777965, "side": "sell", "size": "0.00001810", "price": "120862.32000000", "time": "2025-07-14T14:39:00.015006Z", "fetched_at": "2025-07-14T14:39:31.881539+00:00", "symbol": "BTC-USD"}, {"trade_id": 848777964, "side": "sell", "size": "0.00000910", "price": "120862.30000000", "time": "2025-07-14T14:39:00.015006Z", "fetched_at": "2025-07-14T14:39:31.881539+00:00", "symbol": "BTC-USD"}, {"trade_id": 848777963, "side": "sell", "size": "0.02700000", "price": "120862.30000000", "time": "2025-07-14T14:39:00.015006Z", "fetched_at": "2025-07-14T14:39:31.881539+00:00", "symbol": "BTC-USD"}, {"trade_id": 848777962, "side": "sell", "size": "0.00001033", "price": "120859.27000000", "time": "2025-07-14T14:38:59.870357Z", "fetched_at": "2025-07-14T14:39:31.881539+00:00", "symbol": "BTC-USD"}, {"trade_id": 848777961, "side": "sell", "size": "0.01653805", "price": "120859.27000000", "time": "2025-07-14T14:38:59.870357Z", "fetched_at": "2025-07-14T14:39:31.881539+00:00", "symbol": "BTC-USD"}, {"trade_id": 848777960, "side": "sell", "size": "0.10901447", "price": "120859.27000000", "time": "2025-07-14T14:38:59.830444Z", "fetched_at": "2025-07-14T14:39:31.881539+00:00", "symbol": "BTC-USD"}, {"trade_id": 848777959, "side": "sell", "size": "0.01050603", "price": "120859.27000000", "time": "2025-07-14T14:38:59.830444Z", "fetched_at": "2025-07-14T14:39:31.881539+00:00", "symbol": "BTC-USD"}, {"trade_id": 848777958, "side": "sell", "size": "0.00003101", "price": "120859.27000000", "time": "2025-07-14T14:38:59.830444Z", "fetched_at": "2025-07-14T14:39:31.881539+00:00", "symbol": "BTC-USD"}, {"trade_id": 848777957, "side": "sell", "size": "0.00288065", "price": "120859.27000000", "time": "2025-07-14T14:38:59.830444Z", "fetched_at": "2025-07-14T14:39:31.881539+00:00", "symbol": "BTC-USD"}, {"trade_id": 848777956, "side": "sell", "size": "0.00000001", "price": "120859.27000000", "time": "2025-07-14T14:38:59.565408Z", "fetched_at": "2025-07-14T14:39:31.881539+00:00", "symbol": "BTC-USD"}, {"trade_id": 848777955, "side": "sell", "size": "0.00000001", "price": "120859.27000000", "time": "2025-07-14T14:38:58.932876Z", "fetched_at": "2025-07-14T14:39:31.881539+00:00", "symbol": "BTC-USD"}, {"trade_id": 848777954, "side": "buy", "size": "0.00843783", "price": "120859.26000000", "time": "2025-07-14T14:38:58.727044Z", "fetched_at": "2025-07-14T14:39:31.881539+00:00", "symbol": "BTC-USD"}, {"trade_id": 848777953, "side": "buy", "size": "0.00000107", "price": "120859.26000000", "time": "2025-07-14T14:38:58.727044Z", "fetched_at": "2025-07-14T14:39:31.881539+00:00", "symbol": "BTC-USD"}, {"trade_id": 848777952, "side": "buy", "size": "0.00827131", "price": "120859.26000000", "time": "2025-07-14T14:38:58.727044Z", "fetched_at": "2025-07-14T14:39:31.881539+00:00", "symbol": "BTC-USD"}, {"trade_id": 848777951, "side": "sell", "size": "0.00014863", "price": "120859.27000000", "time": "2025-07-14T14:38:58.571540Z", "fetched_at": "2025-07-14T14:39:31.881539+00:00", "symbol": "BTC-USD"}, {"trade_id": 848777950, "side": "sell", "size": "0.00000073", "price": "120859.27000000", "time": "2025-07-14T14:38:58.465891Z", "fetched_at": "2025-07-14T14:39:31.881539+00:00", "symbol": "BTC-USD"}, {"trade_id": 848777949, "side": "sell", "size": "0.00170000", "price": "120859.27000000", "time": "2025-07-14T14:38:58.428200Z", "fetched_at": "2025-07-14T14:39:31.881539+00:00", "symbol": "BTC-USD"}, {"trade_id": 848777948, "side": "sell", "size": "0.00016074", "price": "120859.27000000", "time": "2025-07-14T14:38:58.219279Z", "fetched_at": "2025-07-14T14:39:31.881539+00:00", "symbol": "BTC-USD"}, {"trade_id": 848777947, "side": "sell", "size": "0.00042000", "price": "120859.27000000", "time": "2025-07-14T14:38:57.916661Z", "fetched_at": "2025-07-14T14:39:31.881539+00:00", "symbol": "BTC-USD"}, {"trade_id": 848777946, "side": "buy", "size": "0.07143251", "price": "120866.00000000", "time": "2025-07-14T14:38:57.876790Z", "fetched_at": "2025-07-14T14:39:31.881539+00:00", "symbol": "BTC-USD"}, {"trade_id": 848777945, "side": "buy", "size": "0.00001000", "price": "120866.82000000", "time": "2025-07-14T14:38:57.876790Z", "fetched_at": "2025-07-14T14:39:31.881539+00:00", "symbol": "BTC-USD"}, {"trade_id": 848777944, "side": "buy", "size": "0.00826867", "price": "120876.88000000", "time": "2025-07-14T14:38:57.846324Z", "fetched_at": "2025-07-14T14:39:31.881539+00:00", "symbol": "BTC-USD"}, {"trade_id": 848777943, "side": "buy", "size": "0.08670862", "price": "120877.36000000", "time": "2025-07-14T14:38:57.846324Z", "fetched_at": "2025-07-14T14:39:31.881539+00:00", "symbol": "BTC-USD"}, {"trade_id": 848777942, "side": "buy", "size": "0.00826956", "price": "120880.30000000", "time": "2025-07-14T14:38:57.838812Z", "fetched_at": "2025-07-14T14:39:31.881539+00:00", "symbol": "BTC-USD"}, {"trade_id": 848777941, "side": "sell", "size": "0.00401923", "price": "120880.31000000", "time": "2025-07-14T14:38:57.742873Z", "fetched_at": "2025-07-14T14:39:31.881539+00:00", "symbol": "BTC-USD"}, {"trade_id": 848777940, "side": "buy", "size": "0.00826949", "price": "120880.40000000", "time": "2025-07-14T14:38:57.357957Z", "fetched_at": "2025-07-14T14:39:31.881539+00:00", "symbol": "BTC-USD"}, {"trade_id": 848777939, "side": "buy", "size": "0.00814854", "price": "120880.40000000", "time": "2025-07-14T14:38:57.357957Z", "fetched_at": "2025-07-14T14:39:31.881539+00:00", "symbol": "BTC-USD"}, {"trade_id": 848777938, "side": "sell", "size": "0.00080387", "price": "120880.41000000", "time": "2025-07-14T14:38:57.355620Z", "fetched_at": "2025-07-14T14:39:31.881539+00:00", "symbol": "BTC-USD"}, {"trade_id": 848777937, "side": "buy", "size": "0.00012409", "price": "120880.40000000", "time": "2025-07-14T14:38:56.974898Z", "fetched_at": "2025-07-14T14:39:31.881539+00:00", "symbol": "BTC-USD"}, {"trade_id": 848777936, "side": "sell", "size": "0.00002096", "price": "120880.41000000", "time": "2025-07-14T14:38:56.620338Z", "fetched_at": "2025-07-14T14:39:31.881539+00:00", "symbol": "BTC-USD"}, {"trade_id": 848777935, "side": "buy", "size": "0.00610977", "price": "120879.77000000", "time": "2025-07-14T14:38:56.359637Z", "fetched_at": "2025-07-14T14:39:31.881539+00:00", "symbol": "BTC-USD"}, {"trade_id": 848777934, "side": "buy", "size": "0.00454501", "price": "120879.78000000", "time": "2025-07-14T14:38:56.359637Z", "fetched_at": "2025-07-14T14:39:31.881539+00:00", "symbol": "BTC-USD"}, {"trade_id": 848777933, "side": "buy", "size": "0.00016400", "price": "120879.77000000", "time": "2025-07-14T14:38:56.351041Z", "fetched_at": "2025-07-14T14:39:31.881539+00:00", "symbol": "BTC-USD"}, {"trade_id": 848777932, "side": "buy", "size": "0.00826985", "price": "120880.36000000", "time": "2025-07-14T14:38:56.277974Z", "fetched_at": "2025-07-14T14:39:31.881539+00:00", "symbol": "BTC-USD"}, {"trade_id": 848777931, "side": "sell", "size": "0.02100000", "price": "120880.37000000", "time": "2025-07-14T14:38:56.190535Z", "fetched_at": "2025-07-14T14:39:31.881539+00:00", "symbol": "BTC-USD"}, {"trade_id": 848777930, "side": "sell", "size": "0.00039226", "price": "120880.37000000", "time": "2025-07-14T14:38:55.909117Z", "fetched_at": "2025-07-14T14:39:31.881539+00:00", "symbol": "BTC-USD"}, {"trade_id": 848777929, "side": "sell", "size": "0.00413632", "price": "120880.37000000", "time": "2025-07-14T14:38:55.719421Z", "fetched_at": "2025-07-14T14:39:31.881539+00:00", "symbol": "BTC-USD"}, {"trade_id": 848777928, "side": "buy", "size": "0.00082727", "price": "120877.39000000", "time": "2025-07-14T14:38:55.346131Z", "fetched_at": "2025-07-14T14:39:31.881539+00:00", "symbol": "BTC-USD"}, {"trade_id": 848777927, "side": "buy", "size": "0.00002372", "price": "120884.14000000", "time": "2025-07-14T14:38:54.466982Z", "fetched_at": "2025-07-14T14:39:31.881539+00:00", "symbol": "BTC-USD"}, {"trade_id": 848777926, "side": "buy", "size": "0.00826981", "price": "120884.14000000", "time": "2025-07-14T14:38:54.466982Z", "fetched_at": "2025-07-14T14:39:31.881539+00:00", "symbol": "BTC-USD"}, {"trade_id": 848777925, "side": "buy", "size": "0.00000115", "price": "120884.14000000", "time": "2025-07-14T14:38:54.466982Z", "fetched_at": "2025-07-14T14:39:31.881539+00:00", "symbol": "BTC-USD"}, {"trade_id": 848777924, "side": "sell", "size": "0.00007985", "price": "120884.15000000", "time": "2025-07-14T14:38:54.084300Z", "fetched_at": "2025-07-14T14:39:31.881539+00:00", "symbol": "BTC-USD"}, {"trade_id": 848777923, "side": "sell", "size": "0.00620278", "price": "120884.15000000", "time": "2025-07-14T14:38:53.219364Z", "fetched_at": "2025-07-14T14:39:31.881539+00:00", "symbol": "BTC-USD"}, {"trade_id": 848777922, "side": "buy", "size": "0.00001572", "price": "120877.91000000", "time": "2025-07-14T14:38:52.169757Z", "fetched_at": "2025-07-14T14:39:31.881539+00:00", "symbol": "BTC-USD"}, {"trade_id": 848777921, "side": "sell", "size": "0.00413397", "price": "120884.19000000", "time": "2025-07-14T14:38:51.950850Z", "fetched_at": "2025-07-14T14:39:31.881539+00:00", "symbol": "BTC-USD"}, {"trade_id": 848777920, "side": "sell", "size": "0.00010201", "price": "120884.19000000", "time": "2025-07-14T14:38:51.204465Z", "fetched_at": "2025-07-14T14:39:31.881539+00:00", "symbol": "BTC-USD"}, {"trade_id": 848777919, "side": "sell", "size": "0.00030846", "price": "120884.19000000", "time": "2025-07-14T14:38:51.204465Z", "fetched_at": "2025-07-14T14:39:31.881539+00:00", "symbol": "BTC-USD"}, {"trade_id": 848777918, "side": "sell", "size": "0.00607685", "price": "120884.19000000", "time": "2025-07-14T14:38:51.199517Z", "fetched_at": "2025-07-14T14:39:31.881539+00:00", "symbol": "BTC-USD"}, {"trade_id": 848777917, "side": "sell", "size": "0.01000000", "price": "120884.18000000", "time": "2025-07-14T14:38:51.199517Z", "fetched_at": "2025-07-14T14:39:31.881539+00:00", "symbol": "BTC-USD"}, {"trade_id": 848777916, "side": "sell", "size": "0.00413645", "price": "120876.42000000", "time": "2025-07-14T14:38:51.068697Z", "fetched_at": "2025-07-14T14:39:31.881539+00:00", "symbol": "BTC-USD"}, {"trade_id": 848777915, "side": "buy", "size": "0.00827284", "price": "120877.36000000", "time": "2025-07-14T14:38:51.059901Z", "fetched_at": "2025-07-14T14:39:31.881539+00:00", "symbol": "BTC-USD"}, {"trade_id": 848777914, "side": "sell", "size": "0.00084406", "price": "120884.17000000", "time": "2025-07-14T14:38:51.055771Z", "fetched_at": "2025-07-14T14:39:31.881539+00:00", "symbol": "BTC-USD"}, {"trade_id": 848777913, "side": "sell", "size": "0.00017112", "price": "120884.19000000", "time": "2025-07-14T14:38:51.007253Z", "fetched_at": "2025-07-14T14:39:31.881539+00:00", "symbol": "BTC-USD"}, {"trade_id": 848777912, "side": "sell", "size": "0.00109481", "price": "120884.10000000", "time": "2025-07-14T14:38:50.446328Z", "fetched_at": "2025-07-14T14:39:31.881539+00:00", "symbol": "BTC-USD"}, {"trade_id": 848777911, "side": "sell", "size": "0.00003226", "price": "120876.88000000", "time": "2025-07-14T14:38:50.226581Z", "fetched_at": "2025-07-14T14:39:31.881539+00:00", "symbol": "BTC-USD"}, {"trade_id": 848777910, "side": "buy", "size": "0.00001884", "price": "120876.88000000", "time": "2025-07-14T14:38:50.031538Z", "fetched_at": "2025-07-14T14:39:31.881539+00:00", "symbol": "BTC-USD"}, {"trade_id": 848777909, "side": "buy", "size": "0.00000272", "price": "120884.21000000", "time": "2025-07-14T14:38:49.949782Z", "fetched_at": "2025-07-14T14:39:31.881539+00:00", "symbol": "BTC-USD"}, {"trade_id": 848777908, "side": "buy", "size": "0.03233899", "price": "120867.38000000", "time": "2025-07-14T14:38:49.583266Z", "fetched_at": "2025-07-14T14:39:31.881539+00:00", "symbol": "BTC-USD"}, {"trade_id": 848777907, "side": "buy", "size": "0.00000364", "price": "120867.39000000", "time": "2025-07-14T14:38:49.583266Z", "fetched_at": "2025-07-14T14:39:31.881539+00:00", "symbol": "BTC-USD"}, {"trade_id": 848777906, "side": "buy", "size": "0.00963736", "price": "120867.39000000", "time": "2025-07-14T14:38:49.583266Z", "fetched_at": "2025-07-14T14:39:31.881539+00:00", "symbol": "BTC-USD"}, {"trade_id": 848777905, "side": "buy", "size": "0.00002001", "price": "120867.40000000", "time": "2025-07-14T14:38:49.583266Z", "fetched_at": "2025-07-14T14:39:31.881539+00:00", "symbol": "BTC-USD"}, {"trade_id": 848777904, "side": "buy", "size": "0.00036264", "price": "120867.39000000", "time": "2025-07-14T14:38:49.352387Z", "fetched_at": "2025-07-14T14:39:31.881539+00:00", "symbol": "BTC-USD"}, {"trade_id": 848777903, "side": "buy", "size": "0.00002301", "price": "120867.42000000", "time": "2025-07-14T14:38:49.352387Z", "fetched_at": "2025-07-14T14:39:31.881539+00:00", "symbol": "BTC-USD"}, {"trade_id": 848777902, "side": "buy", "size": "0.02487957", "price": "120879.08000000", "time": "2025-07-14T14:38:49.026442Z", "fetched_at": "2025-07-14T14:39:31.881539+00:00", "symbol": "BTC-USD"}, {"trade_id": 848777901, "side": "buy", "size": "0.00000115", "price": "120879.08000000", "time": "2025-07-14T14:38:49.026442Z", "fetched_at": "2025-07-14T14:39:31.881539+00:00", "symbol": "BTC-USD"}, {"trade_id": 848777900, "side": "sell", "size": "0.00826867", "price": "120885.55000000", "time": "2025-07-14T14:38:48.944787Z", "fetched_at": "2025-07-14T14:39:31.881539+00:00", "symbol": "BTC-USD"}, {"trade_id": 848777899, "side": "sell", "size": "0.00001572", "price": "120888.73000000", "time": "2025-07-14T14:38:48.590598Z", "fetched_at": "2025-07-14T14:39:31.881539+00:00", "symbol": "BTC-USD"}, {"trade_id": 848777898, "side": "sell", "size": "0.00372000", "price": "120888.83000000", "time": "2025-07-14T14:38:48.368905Z", "fetched_at": "2025-07-14T14:39:31.881539+00:00", "symbol": "BTC-USD"}, {"trade_id": 848777897, "side": "buy", "size": "0.00827277", "price": "120878.54000000", "time": "2025-07-14T14:38:48.006873Z", "fetched_at": "2025-07-14T14:39:31.881539+00:00", "symbol": "BTC-USD"}, {"trade_id": 848777896, "side": "buy", "size": "0.00827264", "price": "120880.35000000", "time": "2025-07-14T14:38:48.006873Z", "fetched_at": "2025-07-14T14:39:31.881539+00:00", "symbol": "BTC-USD"}, {"trade_id": 848777895, "side": "sell", "size": "0.00306179", "price": "120889.20000000", "time": "2025-07-14T14:38:47.888844Z", "fetched_at": "2025-07-14T14:39:31.881539+00:00", "symbol": "BTC-USD"}, {"trade_id": 848777894, "side": "sell", "size": "0.01000000", "price": "120889.19000000", "time": "2025-07-14T14:38:47.888844Z", "fetched_at": "2025-07-14T14:39:31.881539+00:00", "symbol": "BTC-USD"}, {"trade_id": 848777893, "side": "sell", "size": "0.02704060", "price": "120888.98000000", "time": "2025-07-14T14:38:47.888844Z", "fetched_at": "2025-07-14T14:39:31.881539+00:00", "symbol": "BTC-USD"}, {"trade_id": 848777892, "side": "sell", "size": "0.00007352", "price": "120888.97000000", "time": "2025-07-14T14:38:47.888844Z", "fetched_at": "2025-07-14T14:39:31.881539+00:00", "symbol": "BTC-USD"}, {"trade_id": 848777891, "side": "sell", "size": "0.00005512", "price": "120889.17000000", "time": "2025-07-14T14:38:47.475881Z", "fetched_at": "2025-07-14T14:39:31.881539+00:00", "symbol": "BTC-USD"}, {"trade_id": 848777890, "side": "sell", "size": "0.00007352", "price": "120889.16000000", "time": "2025-07-14T14:38:47.475881Z", "fetched_at": "2025-07-14T14:39:31.881539+00:00", "symbol": "BTC-USD"}, {"trade_id": 848777889, "side": "sell", "size": "0.00406045", "price": "120889.19000000", "time": "2025-07-14T14:38:47.439149Z", "fetched_at": "2025-07-14T14:39:31.881539+00:00", "symbol": "BTC-USD"}, {"trade_id": 848777888, "side": "sell", "size": "0.00007352", "price": "120889.18000000", "time": "2025-07-14T14:38:47.439149Z", "fetched_at": "2025-07-14T14:39:31.881539+00:00", "symbol": "BTC-USD"}, {"trade_id": 848777887, "side": "sell", "size": "0.00000016", "price": "120888.39000000", "time": "2025-07-14T14:38:47.336249Z", "fetched_at": "2025-07-14T14:39:31.881539+00:00", "symbol": "BTC-USD"}, {"trade_id": 848777886, "side": "sell", "size": "0.00179200", "price": "120889.19000000", "time": "2025-07-14T14:38:46.734400Z", "fetched_at": "2025-07-14T14:39:31.881539+00:00", "symbol": "BTC-USD"}, {"trade_id": 848777885, "side": "sell", "size": "0.00007352", "price": "120877.91000000", "time": "2025-07-14T14:38:46.734400Z", "fetched_at": "2025-07-14T14:39:31.881539+00:00", "symbol": "BTC-USD"}, {"trade_id": 848777884, "side": "sell", "size": "0.00013219", "price": "120889.19000000", "time": "2025-07-14T14:38:46.550833Z", "fetched_at": "2025-07-14T14:39:31.881539+00:00", "symbol": "BTC-USD"}, {"trade_id": 848777883, "side": "sell", "size": "0.00007352", "price": "120877.91000000", "time": "2025-07-14T14:38:46.550833Z", "fetched_at": "2025-07-14T14:39:31.881539+00:00", "symbol": "BTC-USD"}, {"trade_id": 848777882, "side": "sell", "size": "0.00014095", "price": "120889.02000000", "time": "2025-07-14T14:38:45.992681Z", "fetched_at": "2025-07-14T14:39:31.881539+00:00", "symbol": "BTC-USD"}, {"trade_id": 848777881, "side": "buy", "size": "0.00009627", "price": "120875.24000000", "time": "2025-07-14T14:38:45.947259Z", "fetched_at": "2025-07-14T14:39:31.881539+00:00", "symbol": "BTC-USD"}, {"trade_id": 848777880, "side": "buy", "size": "0.00101678", "price": "120875.15000000", "time": "2025-07-14T14:38:45.724718Z", "fetched_at": "2025-07-14T14:39:31.881539+00:00", "symbol": "BTC-USD"}, {"trade_id": 848777879, "side": "buy", "size": "0.00000002", "price": "120883.21000000", "time": "2025-07-14T14:38:45.724718Z", "fetched_at": "2025-07-14T14:39:31.881539+00:00", "symbol": "BTC-USD"}, {"trade_id": 848777878, "side": "buy", "size": "0.04070271", "price": "120875.00000000", "time": "2025-07-14T14:38:45.326156Z", "fetched_at": "2025-07-14T14:39:31.881539+00:00", "symbol": "BTC-USD"}, {"trade_id": 848777877, "side": "buy", "size": "0.01000000", "price": "120875.01000000", "time": "2025-07-14T14:38:45.326156Z", "fetched_at": "2025-07-14T14:39:31.881539+00:00", "symbol": "BTC-USD"}, {"trade_id": 848777876, "side": "sell", "size": "0.00053808", "price": "120889.22000000", "time": "2025-07-14T14:38:45.184794Z", "fetched_at": "2025-07-14T14:39:31.881539+00:00", "symbol": "BTC-USD"}, {"trade_id": 848777875, "side": "sell", "size": "0.00169062", "price": "120889.23000000", "time": "2025-07-14T14:38:45.158711Z", "fetched_at": "2025-07-14T14:39:31.881539+00:00", "symbol": "BTC-USD"}, {"trade_id": 848777874, "side": "sell", "size": "0.00075364", "price": "120889.27000000", "time": "2025-07-14T14:38:44.973491Z", "fetched_at": "2025-07-14T14:39:31.881539+00:00", "symbol": "BTC-USD"}, {"trade_id": 848777873, "side": "buy", "size": "0.00000413", "price": "120877.37000000", "time": "2025-07-14T14:38:44.969093Z", "fetched_at": "2025-07-14T14:39:31.881539+00:00", "symbol": "BTC-USD"}, {"trade_id": 848777872, "side": "sell", "size": "0.00321561", "price": "120889.36000000", "time": "2025-07-14T14:38:44.902796Z", "fetched_at": "2025-07-14T14:39:31.881539+00:00", "symbol": "BTC-USD"}, {"trade_id": 848777871, "side": "sell", "size": "0.00413593", "price": "120891.55000000", "time": "2025-07-14T14:38:44.666035Z", "fetched_at": "2025-07-14T14:39:31.881539+00:00", "symbol": "BTC-USD"}, {"trade_id": 848777870, "side": "sell", "size": "0.00401920", "price": "120891.45000000", "time": "2025-07-14T14:38:44.410404Z", "fetched_at": "2025-07-14T14:39:31.881539+00:00", "symbol": "BTC-USD"}, {"trade_id": 848777869, "side": "buy", "size": "0.00002506", "price": "120879.90000000", "time": "2025-07-14T14:38:44.371608Z", "fetched_at": "2025-07-14T14:39:31.881539+00:00", "symbol": "BTC-USD"}, {"trade_id": 848777868, "side": "sell", "size": "0.00413593", "price": "120891.66000000", "time": "2025-07-14T14:38:44.025995Z", "fetched_at": "2025-07-14T14:39:31.881539+00:00", "symbol": "BTC-USD"}, {"trade_id": 848777867, "side": "sell", "size": "0.01607672", "price": "120891.66000000", "time": "2025-07-14T14:38:44.019720Z", "fetched_at": "2025-07-14T14:39:31.881539+00:00", "symbol": "BTC-USD"}, {"trade_id": 848777866, "side": "buy", "size": "0.00826867", "price": "120883.21000000", "time": "2025-07-14T14:38:43.926140Z", "fetched_at": "2025-07-14T14:39:31.881539+00:00", "symbol": "BTC-USD"}, {"trade_id": 848777865, "side": "buy", "size": "0.00827239", "price": "120883.96000000", "time": "2025-07-14T14:38:43.926140Z", "fetched_at": "2025-07-14T14:39:31.881539+00:00", "symbol": "BTC-USD"}, {"trade_id": 848777864, "side": "buy", "size": "0.00552718", "price": "120889.86000000", "time": "2025-07-14T14:38:43.865226Z", "fetched_at": "2025-07-14T14:39:31.881539+00:00", "symbol": "BTC-USD"}, {"trade_id": 848777863, "side": "buy", "size": "0.00279181", "price": "120890.92000000", "time": "2025-07-14T14:38:43.865226Z", "fetched_at": "2025-07-14T14:39:31.881539+00:00", "symbol": "BTC-USD"}, {"trade_id": 848777862, "side": "buy", "size": "0.00732457", "price": "120891.67000000", "time": "2025-07-14T14:38:43.865226Z", "fetched_at": "2025-07-14T14:39:31.881539+00:00", "symbol": "BTC-USD"}, {"trade_id": 848777861, "side": "buy", "size": "0.00000115", "price": "120891.67000000", "time": "2025-07-14T14:38:43.865226Z", "fetched_at": "2025-07-14T14:39:31.881539+00:00", "symbol": "BTC-USD"}, {"trade_id": 848777860, "side": "sell", "size": "0.00011401", "price": "120891.68000000", "time": "2025-07-14T14:38:43.769218Z", "fetched_at": "2025-07-14T14:39:31.881539+00:00", "symbol": "BTC-USD"}, {"trade_id": 848777859, "side": "buy", "size": "0.00000049", "price": "120891.68000000", "time": "2025-07-14T14:38:42.914318Z", "fetched_at": "2025-07-14T14:39:31.881539+00:00", "symbol": "BTC-USD"}, {"trade_id": 848777858, "side": "buy", "size": "0.00002640", "price": "120891.68000000", "time": "2025-07-14T14:38:42.914318Z", "fetched_at": "2025-07-14T14:39:31.881539+00:00", "symbol": "BTC-USD"}, {"trade_id": 848777857, "side": "buy", "size": "0.00001000", "price": "120875.89000000", "time": "2025-07-14T14:38:41.906269Z", "fetched_at": "2025-07-14T14:39:31.881539+00:00", "symbol": "BTC-USD"}, {"trade_id": 848777856, "side": "buy", "size": "0.04000000", "price": "120880.57000000", "time": "2025-07-14T14:38:41.906269Z", "fetched_at": "2025-07-14T14:39:31.881539+00:00", "symbol": "BTC-USD"}, {"trade_id": 848777855, "side": "buy", "size": "0.08000000", "price": "120880.57000000", "time": "2025-07-14T14:38:41.906269Z", "fetched_at": "2025-07-14T14:39:31.881539+00:00", "symbol": "BTC-USD"}, {"trade_id": 848777854, "side": "buy", "size": "0.00636620", "price": "120880.58000000", "time": "2025-07-14T14:38:41.906269Z", "fetched_at": "2025-07-14T14:39:31.881539+00:00", "symbol": "BTC-USD"}, {"trade_id": 848777853, "side": "buy", "size": "0.00000272", "price": "120886.61000000", "time": "2025-07-14T14:38:41.906269Z", "fetched_at": "2025-07-14T14:39:31.881539+00:00", "symbol": "BTC-USD"}, {"trade_id": 848777852, "side": "buy", "size": "0.00280652", "price": "120886.62000000", "time": "2025-07-14T14:38:41.906269Z", "fetched_at": "2025-07-14T14:39:31.881539+00:00", "symbol": "BTC-USD"}, {"trade_id": 848777851, "side": "buy", "size": "0.00827202", "price": "120889.41000000", "time": "2025-07-14T14:38:41.906269Z", "fetched_at": "2025-07-14T14:39:31.881539+00:00", "symbol": "BTC-USD"}, {"trade_id": 848777850, "side": "buy", "size": "0.00827178", "price": "120892.92000000", "time": "2025-07-14T14:38:41.906269Z", "fetched_at": "2025-07-14T14:39:31.881539+00:00", "symbol": "BTC-USD"}, {"trade_id": 848777849, "side": "buy", "size": "0.02444438", "price": "120894.73000000", "time": "2025-07-14T14:38:41.906269Z", "fetched_at": "2025-07-14T14:39:31.881539+00:00", "symbol": "BTC-USD"}, {"trade_id": 848777848, "side": "buy", "size": "0.07733273", "price": "120894.73000000", "time": "2025-07-14T14:38:41.906269Z", "fetched_at": "2025-07-14T14:39:31.881539+00:00", "symbol": "BTC-USD"}, {"trade_id": 848777847, "side": "buy", "size": "0.00002284", "price": "120894.73000000", "time": "2025-07-14T14:38:41.906269Z", "fetched_at": "2025-07-14T14:39:31.881539+00:00", "symbol": "BTC-USD"}, {"trade_id": 848777846, "side": "sell", "size": "0.00160739", "price": "120894.74000000", "time": "2025-07-14T14:38:41.457195Z", "fetched_at": "2025-07-14T14:39:31.881539+00:00", "symbol": "BTC-USD"}, {"trade_id": 848777845, "side": "sell", "size": "0.00767000", "price": "120894.73000000", "time": "2025-07-14T14:38:41.087861Z", "fetched_at": "2025-07-14T14:39:31.881539+00:00", "symbol": "BTC-USD"}, {"trade_id": 848777844, "side": "sell", "size": "0.00594620", "price": "120894.74000000", "time": "2025-07-14T14:38:40.893923Z", "fetched_at": "2025-07-14T14:39:31.881539+00:00", "symbol": "BTC-USD"}, {"trade_id": 848777843, "side": "buy", "size": "0.00004639", "price": "120886.63000000", "time": "2025-07-14T14:38:40.712208Z", "fetched_at": "2025-07-14T14:39:31.881539+00:00", "symbol": "BTC-USD"}, {"trade_id": 848777842, "side": "sell", "size": "0.00803569", "price": "120894.81000000", "time": "2025-07-14T14:38:40.649427Z", "fetched_at": "2025-07-14T14:39:31.881539+00:00", "symbol": "BTC-USD"}, {"trade_id": 848777841, "side": "buy", "size": "0.02856749", "price": "120866.00000000", "time": "2025-07-14T14:38:40.620953Z", "fetched_at": "2025-07-14T14:39:31.881539+00:00", "symbol": "BTC-USD"}, {"trade_id": 848777840, "side": "buy", "size": "0.04066329", "price": "120866.44000000", "time": "2025-07-14T14:38:40.620953Z", "fetched_at": "2025-07-14T14:39:31.881539+00:00", "symbol": "BTC-USD"}, {"trade_id": 848777839, "side": "buy", "size": "0.00001000", "price": "120866.82000000", "time": "2025-07-14T14:38:40.620953Z", "fetched_at": "2025-07-14T14:39:31.881539+00:00", "symbol": "BTC-USD"}, {"trade_id": 848777838, "side": "buy", "size": "0.08273525", "price": "120867.46000000", "time": "2025-07-14T14:38:40.620953Z", "fetched_at": "2025-07-14T14:39:31.881539+00:00", "symbol": "BTC-USD"}, {"trade_id": 848777837, "side": "buy", "size": "0.01000000", "price": "120867.47000000", "time": "2025-07-14T14:38:40.620953Z", "fetched_at": "2025-07-14T14:39:31.881539+00:00", "symbol": "BTC-USD"}, {"trade_id": 848777836, "side": "buy", "size": "0.00602019", "price": "120867.48000000", "time": "2025-07-14T14:38:40.620953Z", "fetched_at": "2025-07-14T14:39:31.881539+00:00", "symbol": "BTC-USD"}, {"trade_id": 848777835, "side": "buy", "size": "0.12147883", "price": "120873.55000000", "time": "2025-07-14T14:38:40.620953Z", "fetched_at": "2025-07-14T14:39:31.881539+00:00", "symbol": "BTC-USD"}, {"trade_id": 848777834, "side": "buy", "size": "0.00001000", "price": "120875.89000000", "time": "2025-07-14T14:38:40.620953Z", "fetched_at": "2025-07-14T14:39:31.881539+00:00", "symbol": "BTC-USD"}, {"trade_id": 848777833, "side": "buy", "size": "0.08000000", "price": "120880.57000000", "time": "2025-07-14T14:38:40.620953Z", "fetched_at": "2025-07-14T14:39:31.881539+00:00", "symbol": "BTC-USD"}, {"trade_id": 848777832, "side": "buy", "size": "0.04000000", "price": "120880.57000000", "time": "2025-07-14T14:38:40.620953Z", "fetched_at": "2025-07-14T14:39:31.881539+00:00", "symbol": "BTC-USD"}, {"trade_id": 848777831, "side": "buy", "size": "0.00827256", "price": "120881.51000000", "time": "2025-07-14T14:38:40.620953Z", "fetched_at": "2025-07-14T14:39:31.881539+00:00", "symbol": "BTC-USD"}, {"trade_id": 848777830, "side": "buy", "size": "0.00312251", "price": "120883.19000000", "time": "2025-07-14T14:38:40.620953Z", "fetched_at": "2025-07-14T14:39:31.881539+00:00", "symbol": "BTC-USD"}, {"trade_id": 848777829, "side": "buy", "size": "0.00000115", "price": "120883.20000000", "time": "2025-07-14T14:38:40.620953Z", "fetched_at": "2025-07-14T14:39:31.881539+00:00", "symbol": "BTC-USD"}, {"trade_id": 848777828, "side": "buy", "size": "0.07150046", "price": "120883.20000000", "time": "2025-07-14T14:38:40.620953Z", "fetched_at": "2025-07-14T14:39:31.881539+00:00", "symbol": "BTC-USD"}, {"trade_id": 848777827, "side": "buy", "size": "0.00827234", "price": "120884.79000000", "time": "2025-07-14T14:38:40.620953Z", "fetched_at": "2025-07-14T14:39:31.881539+00:00", "symbol": "BTC-USD"}, {"trade_id": 848777826, "side": "buy", "size": "0.00157003", "price": "120886.60000000", "time": "2025-07-14T14:38:40.620953Z", "fetched_at": "2025-07-14T14:39:31.881539+00:00", "symbol": "BTC-USD"}, {"trade_id": 848777825, "side": "buy", "size": "0.00007352", "price": "120886.61000000", "time": "2025-07-14T14:38:40.620953Z", "fetched_at": "2025-07-14T14:39:31.881539+00:00", "symbol": "BTC-USD"}, {"trade_id": 848777824, "side": "buy", "size": "0.00003315", "price": "120886.61000000", "time": "2025-07-14T14:38:40.606434Z", "fetched_at": "2025-07-14T14:39:31.881539+00:00", "symbol": "BTC-USD"}, {"trade_id": 848777823, "side": "sell", "size": "0.00451648", "price": "120894.08000000", "time": "2025-07-14T14:38:40.124504Z", "fetched_at": "2025-07-14T14:39:31.881539+00:00", "symbol": "BTC-USD"}, {"trade_id": 848777822, "side": "sell", "size": "0.00007352", "price": "120883.22000000", "time": "2025-07-14T14:38:40.124504Z", "fetched_at": "2025-07-14T14:39:31.881539+00:00", "symbol": "BTC-USD"}, {"trade_id": 848777821, "side": "sell", "size": "0.00311060", "price": "120894.69000000", "time": "2025-07-14T14:38:39.882203Z", "fetched_at": "2025-07-14T14:39:31.881539+00:00", "symbol": "BTC-USD"}, {"trade_id": 848777820, "side": "sell", "size": "0.00081827", "price": "120892.88000000", "time": "2025-07-14T14:38:39.882203Z", "fetched_at": "2025-07-14T14:39:31.881539+00:00", "symbol": "BTC-USD"}, {"trade_id": 848777819, "side": "sell", "size": "0.00001328", "price": "120892.88000000", "time": "2025-07-14T14:38:39.882203Z", "fetched_at": "2025-07-14T14:39:31.881539+00:00", "symbol": "BTC-USD"}, {"trade_id": 848777818, "side": "sell", "size": "0.00000206", "price": "120892.88000000", "time": "2025-07-14T14:38:39.882203Z", "fetched_at": "2025-07-14T14:39:31.881539+00:00", "symbol": "BTC-USD"}, {"trade_id": 848777817, "side": "sell", "size": "0.00007352", "price": "120883.22000000", "time": "2025-07-14T14:38:39.882203Z", "fetched_at": "2025-07-14T14:39:31.881539+00:00", "symbol": "BTC-USD"}, {"trade_id": 848777816, "side": "buy", "size": "0.00383649", "price": "120892.87000000", "time": "2025-07-14T14:38:39.738604Z", "fetched_at": "2025-07-14T14:39:31.881539+00:00", "symbol": "BTC-USD"}, {"trade_id": 848777815, "side": "buy", "size": "0.00029940", "price": "120892.87000000", "time": "2025-07-14T14:38:39.738604Z", "fetched_at": "2025-07-14T14:39:31.881539+00:00", "symbol": "BTC-USD"}, {"trade_id": 848777814, "side": "buy", "size": "0.00002506", "price": "120892.87000000", "time": "2025-07-14T14:38:39.560991Z", "fetched_at": "2025-07-14T14:39:31.881539+00:00", "symbol": "BTC-USD"}, {"trade_id": 848777813, "side": "sell", "size": "0.00050016", "price": "120914.55000000", "time": "2025-07-14T14:38:38.784333Z", "fetched_at": "2025-07-14T14:39:31.881539+00:00", "symbol": "BTC-USD"}, {"trade_id": 848777812, "side": "sell", "size": "0.00235993", "price": "120914.16000000", "time": "2025-07-14T14:38:38.784333Z", "fetched_at": "2025-07-14T14:39:31.881539+00:00", "symbol": "BTC-USD"}, {"trade_id": 848777811, "side": "sell", "size": "0.00001000", "price": "120912.17000000", "time": "2025-07-14T14:38:38.784333Z", "fetched_at": "2025-07-14T14:39:31.881539+00:00", "symbol": "BTC-USD"}, {"trade_id": 848777810, "side": "sell", "size": "0.01716718", "price": "120909.58000000", "time": "2025-07-14T14:38:38.784333Z", "fetched_at": "2025-07-14T14:39:31.881539+00:00", "symbol": "BTC-USD"}, {"trade_id": 848777809, "side": "sell", "size": "0.00000664", "price": "120906.75000000", "time": "2025-07-14T14:38:38.784333Z", "fetched_at": "2025-07-14T14:39:31.881539+00:00", "symbol": "BTC-USD"}, {"trade_id": 848777808, "side": "sell", "size": "0.00000206", "price": "120903.11000000", "time": "2025-07-14T14:38:38.784333Z", "fetched_at": "2025-07-14T14:39:31.881539+00:00", "symbol": "BTC-USD"}, {"trade_id": 848777807, "side": "sell", "size": "0.00001000", "price": "120903.10000000", "time": "2025-07-14T14:38:38.784333Z", "fetched_at": "2025-07-14T14:39:31.881539+00:00", "symbol": "BTC-USD"}, {"trade_id": 848777806, "side": "sell", "size": "0.00003218", "price": "120892.88000000", "time": "2025-07-14T14:38:38.784333Z", "fetched_at": "2025-07-14T14:39:31.881539+00:00", "symbol": "BTC-USD"}, {"trade_id": 848777805, "side": "sell", "size": "0.00827232", "price": "120885.02000000", "time": "2025-07-14T14:38:38.709245Z", "fetched_at": "2025-07-14T14:39:31.881539+00:00", "symbol": "BTC-USD"}, {"trade_id": 848777804, "side": "sell", "size": "0.00151122", "price": "120883.21000000", "time": "2025-07-14T14:38:38.709245Z", "fetched_at": "2025-07-14T14:39:31.881539+00:00", "symbol": "BTC-USD"}, {"trade_id": 848777803, "side": "sell", "size": "0.00003218", "price": "120883.21000000", "time": "2025-07-14T14:38:38.709245Z", "fetched_at": "2025-07-14T14:39:31.881539+00:00", "symbol": "BTC-USD"}, {"trade_id": 848777802, "side": "sell", "size": "0.00171371", "price": "120883.21000000", "time": "2025-07-14T14:38:38.709245Z", "fetched_at": "2025-07-14T14:39:31.881539+00:00", "symbol": "BTC-USD"}, {"trade_id": 848777801, "side": "sell", "size": "0.00035478", "price": "120883.21000000", "time": "2025-07-14T14:38:38.570839Z", "fetched_at": "2025-07-14T14:39:31.881539+00:00", "symbol": "BTC-USD"}, {"trade_id": 848777800, "side": "sell", "size": "0.00413397", "price": "120883.21000000", "time": "2025-07-14T14:38:38.487900Z", "fetched_at": "2025-07-14T14:39:31.881539+00:00", "symbol": "BTC-USD"}, {"trade_id": 848777799, "side": "sell", "size": "0.00000726", "price": "120883.21000000", "time": "2025-07-14T14:38:38.397364Z", "fetched_at": "2025-07-14T14:39:31.881539+00:00", "symbol": "BTC-USD"}, {"trade_id": 848777798, "side": "sell", "size": "0.00093243", "price": "120883.21000000", "time": "2025-07-14T14:38:38.381911Z", "fetched_at": "2025-07-14T14:39:31.881539+00:00", "symbol": "BTC-USD"}, {"trade_id": 848777797, "side": "sell", "size": "0.00006757", "price": "120883.21000000", "time": "2025-07-14T14:38:38.381911Z", "fetched_at": "2025-07-14T14:39:31.881539+00:00", "symbol": "BTC-USD"}, {"trade_id": 848777796, "side": "sell", "size": "0.00000595", "price": "120883.21000000", "time": "2025-07-14T14:38:38.097423Z", "fetched_at": "2025-07-14T14:39:31.881539+00:00", "symbol": "BTC-USD"}, {"trade_id": 848777795, "side": "sell", "size": "0.00024113", "price": "120883.21000000", "time": "2025-07-14T14:38:38.042902Z", "fetched_at": "2025-07-14T14:39:31.881539+00:00", "symbol": "BTC-USD"}, {"trade_id": 848777794, "side": "buy", "size": "0.00584403", "price": "120883.20000000", "time": "2025-07-14T14:38:37.730164Z", "fetched_at": "2025-07-14T14:39:31.881539+00:00", "symbol": "BTC-USD"}, {"trade_id": 848777793, "side": "sell", "size": "0.00078224", "price": "120883.21000000", "time": "2025-07-14T14:38:37.563959Z", "fetched_at": "2025-07-14T14:39:31.881539+00:00", "symbol": "BTC-USD"}, {"trade_id": 848777792, "side": "sell", "size": "0.00000575", "price": "120883.21000000", "time": "2025-07-14T14:38:37.430532Z", "fetched_at": "2025-07-14T14:39:31.881539+00:00", "symbol": "BTC-USD"}, {"trade_id": 848777791, "side": "sell", "size": "0.00016866", "price": "120883.21000000", "time": "2025-07-14T14:38:37.294906Z", "fetched_at": "2025-07-14T14:39:31.881539+00:00", "symbol": "BTC-USD"}, {"trade_id": 848777790, "side": "sell", "size": "0.00068666", "price": "120892.47000000", "time": "2025-07-14T14:38:37.012412Z", "fetched_at": "2025-07-14T14:39:31.881539+00:00", "symbol": "BTC-USD"}, {"trade_id": 848777789, "side": "sell", "size": "0.00001334", "price": "120883.21000000", "time": "2025-07-14T14:38:37.012412Z", "fetched_at": "2025-07-14T14:39:31.881539+00:00", "symbol": "BTC-USD"}, {"trade_id": 848777788, "side": "buy", "size": "0.00053817", "price": "120883.20000000", "time": "2025-07-14T14:38:36.892233Z", "fetched_at": "2025-07-14T14:39:31.881539+00:00", "symbol": "BTC-USD"}, {"trade_id": 848777787, "side": "sell", "size": "0.00806358", "price": "120891.87000000", "time": "2025-07-14T14:38:36.140735Z", "fetched_at": "2025-07-14T14:39:31.881539+00:00", "symbol": "BTC-USD"}, {"trade_id": 848777786, "side": "sell", "size": "0.00001034", "price": "120887.71000000", "time": "2025-07-14T14:38:36.140735Z", "fetched_at": "2025-07-14T14:39:31.881539+00:00", "symbol": "BTC-USD"}, {"trade_id": 848777785, "side": "sell", "size": "0.00001165", "price": "120883.20000000", "time": "2025-07-14T14:38:36.140735Z", "fetched_at": "2025-07-14T14:39:31.881539+00:00", "symbol": "BTC-USD"}, {"trade_id": 848777784, "side": "buy", "size": "0.00045113", "price": "120883.35000000", "time": "2025-07-14T14:38:35.296580Z", "fetched_at": "2025-07-14T14:39:31.881539+00:00", "symbol": "BTC-USD"}, {"trade_id": 848777783, "side": "buy", "size": "0.00004611", "price": "120883.36000000", "time": "2025-07-14T14:38:35.296580Z", "fetched_at": "2025-07-14T14:39:31.881539+00:00", "symbol": "BTC-USD"}, {"trade_id": 848777782, "side": "buy", "size": "0.00001000", "price": "120884.96000000", "time": "2025-07-14T14:38:35.296580Z", "fetched_at": "2025-07-14T14:39:31.881539+00:00", "symbol": "BTC-USD"}, {"trade_id": 848777781, "side": "buy", "size": "0.00001000", "price": "120894.03000000", "time": "2025-07-14T14:38:35.296580Z", "fetched_at": "2025-07-14T14:39:31.881539+00:00", "symbol": "BTC-USD"}, {"trade_id": 848777780, "side": "buy", "size": "0.00009757", "price": "120900.00000000", "time": "2025-07-14T14:38:35.103367Z", "fetched_at": "2025-07-14T14:39:31.881539+00:00", "symbol": "BTC-USD"}, {"trade_id": 848777779, "side": "buy", "size": "0.00001000", "price": "120903.10000000", "time": "2025-07-14T14:38:35.103367Z", "fetched_at": "2025-07-14T14:39:31.881539+00:00", "symbol": "BTC-USD"}, {"trade_id": 848777778, "side": "buy", "size": "0.00827096", "price": "120904.93000000", "time": "2025-07-14T14:38:34.978652Z", "fetched_at": "2025-07-14T14:39:31.881539+00:00", "symbol": "BTC-USD"}, {"trade_id": 848777777, "side": "buy", "size": "0.05144460", "price": "120906.74000000", "time": "2025-07-14T14:38:34.978652Z", "fetched_at": "2025-07-14T14:39:31.881539+00:00", "symbol": "BTC-USD"}, {"trade_id": 848777776, "side": "buy", "size": "0.00243493", "price": "120914.83000000", "time": "2025-07-14T14:38:34.528002Z", "fetched_at": "2025-07-14T14:39:31.881539+00:00", "symbol": "BTC-USD"}