[{"trade_id": 848952351, "side": "buy", "size": "0.00018850", "price": "119891.20000000", "time": "2025-07-14T18:39:27.105094Z", "fetched_at": "2025-07-14T18:39:31.789788+00:00", "symbol": "BTC-USD"}, {"trade_id": 848952350, "side": "buy", "size": "0.00001476", "price": "119897.22000000", "time": "2025-07-14T18:39:27.105094Z", "fetched_at": "2025-07-14T18:39:31.789788+00:00", "symbol": "BTC-USD"}, {"trade_id": 848952349, "side": "buy", "size": "0.00000525", "price": "119897.22000000", "time": "2025-07-14T18:39:27.105094Z", "fetched_at": "2025-07-14T18:39:31.789788+00:00", "symbol": "BTC-USD"}, {"trade_id": 848952348, "side": "sell", "size": "0.00159331", "price": "119900.60000000", "time": "2025-07-14T18:39:26.576432Z", "fetched_at": "2025-07-14T18:39:31.789788+00:00", "symbol": "BTC-USD"}, {"trade_id": 848952347, "side": "sell", "size": "0.00001034", "price": "119900.59000000", "time": "2025-07-14T18:39:26.576432Z", "fetched_at": "2025-07-14T18:39:31.789788+00:00", "symbol": "BTC-USD"}, {"trade_id": 848952346, "side": "sell", "size": "0.00005080", "price": "119900.58000000", "time": "2025-07-14T18:39:26.576432Z", "fetched_at": "2025-07-14T18:39:31.789788+00:00", "symbol": "BTC-USD"}, {"trade_id": 848952345, "side": "buy", "size": "0.00004988", "price": "119897.22000000", "time": "2025-07-14T18:39:25.851890Z", "fetched_at": "2025-07-14T18:39:31.789788+00:00", "symbol": "BTC-USD"}, {"trade_id": 848952344, "side": "sell", "size": "0.00085090", "price": "119895.85000000", "time": "2025-07-14T18:39:25.570100Z", "fetched_at": "2025-07-14T18:39:31.789788+00:00", "symbol": "BTC-USD"}, {"trade_id": 848952343, "side": "buy", "size": "0.01325662", "price": "119886.07000000", "time": "2025-07-14T18:39:25.345925Z", "fetched_at": "2025-07-14T18:39:31.789788+00:00", "symbol": "BTC-USD"}, {"trade_id": 848952342, "side": "buy", "size": "0.00000250", "price": "119888.05000000", "time": "2025-07-14T18:39:25.345925Z", "fetched_at": "2025-07-14T18:39:31.789788+00:00", "symbol": "BTC-USD"}, {"trade_id": 848952341, "side": "buy", "size": "0.00000050", "price": "119888.23000000", "time": "2025-07-14T18:39:25.345925Z", "fetched_at": "2025-07-14T18:39:31.789788+00:00", "symbol": "BTC-USD"}, {"trade_id": 848952340, "side": "buy", "size": "0.00001000", "price": "119890.64000000", "time": "2025-07-14T18:39:25.345925Z", "fetched_at": "2025-07-14T18:39:31.789788+00:00", "symbol": "BTC-USD"}, {"trade_id": 848952339, "side": "buy", "size": "0.00834070", "price": "119894.07000000", "time": "2025-07-14T18:39:25.345925Z", "fetched_at": "2025-07-14T18:39:31.789788+00:00", "symbol": "BTC-USD"}, {"trade_id": 848952338, "side": "buy", "size": "0.00834065", "price": "119894.69000000", "time": "2025-07-14T18:39:25.345925Z", "fetched_at": "2025-07-14T18:39:31.789788+00:00", "symbol": "BTC-USD"}, {"trade_id": 848952337, "side": "buy", "size": "0.01001661", "price": "119894.70000000", "time": "2025-07-14T18:39:25.345925Z", "fetched_at": "2025-07-14T18:39:31.789788+00:00", "symbol": "BTC-USD"}, {"trade_id": 848952336, "side": "buy", "size": "0.00349000", "price": "119895.85000000", "time": "2025-07-14T18:39:25.345925Z", "fetched_at": "2025-07-14T18:39:31.789788+00:00", "symbol": "BTC-USD"}, {"trade_id": 848952335, "side": "buy", "size": "0.02335299", "price": "119895.85000000", "time": "2025-07-14T18:39:25.345925Z", "fetched_at": "2025-07-14T18:39:31.789788+00:00", "symbol": "BTC-USD"}, {"trade_id": 848952334, "side": "buy", "size": "0.02565261", "price": "119895.85000000", "time": "2025-07-14T18:39:25.345925Z", "fetched_at": "2025-07-14T18:39:31.789788+00:00", "symbol": "BTC-USD"}, {"trade_id": 848952333, "side": "sell", "size": "0.00080994", "price": "119895.86000000", "time": "2025-07-14T18:39:25.060571Z", "fetched_at": "2025-07-14T18:39:31.789788+00:00", "symbol": "BTC-USD"}, {"trade_id": 848952332, "side": "sell", "size": "0.00039542", "price": "119895.86000000", "time": "2025-07-14T18:39:24.946799Z", "fetched_at": "2025-07-14T18:39:31.789788+00:00", "symbol": "BTC-USD"}, {"trade_id": 848952331, "side": "sell", "size": "0.00021809", "price": "119895.86000000", "time": "2025-07-14T18:39:24.848587Z", "fetched_at": "2025-07-14T18:39:31.789788+00:00", "symbol": "BTC-USD"}, {"trade_id": 848952330, "side": "sell", "size": "0.00016000", "price": "119895.86000000", "time": "2025-07-14T18:39:24.753253Z", "fetched_at": "2025-07-14T18:39:31.789788+00:00", "symbol": "BTC-USD"}, {"trade_id": 848952329, "side": "buy", "size": "0.00000842", "price": "119895.85000000", "time": "2025-07-14T18:39:24.406484Z", "fetched_at": "2025-07-14T18:39:31.789788+00:00", "symbol": "BTC-USD"}, {"trade_id": 848952328, "side": "sell", "size": "0.00073000", "price": "119895.86000000", "time": "2025-07-14T18:39:24.142802Z", "fetched_at": "2025-07-14T18:39:31.789788+00:00", "symbol": "BTC-USD"}, {"trade_id": 848952327, "side": "sell", "size": "0.00091000", "price": "119895.86000000", "time": "2025-07-14T18:39:24.092349Z", "fetched_at": "2025-07-14T18:39:31.789788+00:00", "symbol": "BTC-USD"}, {"trade_id": 848952326, "side": "sell", "size": "0.00396000", "price": "119895.86000000", "time": "2025-07-14T18:39:22.927410Z", "fetched_at": "2025-07-14T18:39:31.789788+00:00", "symbol": "BTC-USD"}, {"trade_id": 848952325, "side": "sell", "size": "0.00016206", "price": "119895.86000000", "time": "2025-07-14T18:39:22.826823Z", "fetched_at": "2025-07-14T18:39:31.789788+00:00", "symbol": "BTC-USD"}, {"trade_id": 848952324, "side": "buy", "size": "0.00505398", "price": "119895.85000000", "time": "2025-07-14T18:39:22.803793Z", "fetched_at": "2025-07-14T18:39:31.789788+00:00", "symbol": "BTC-USD"}, {"trade_id": 848952323, "side": "buy", "size": "0.00028499", "price": "119895.85000000", "time": "2025-07-14T18:39:22.263954Z", "fetched_at": "2025-07-14T18:39:31.789788+00:00", "symbol": "BTC-USD"}, {"trade_id": 848952322, "side": "buy", "size": "0.00288714", "price": "119895.92000000", "time": "2025-07-14T18:39:22.186481Z", "fetched_at": "2025-07-14T18:39:31.789788+00:00", "symbol": "BTC-USD"}, {"trade_id": 848952321, "side": "sell", "size": "0.00004765", "price": "119900.98000000", "time": "2025-07-14T18:39:21.919985Z", "fetched_at": "2025-07-14T18:39:31.789788+00:00", "symbol": "BTC-USD"}, {"trade_id": 848952320, "side": "sell", "size": "0.00002455", "price": "119900.97000000", "time": "2025-07-14T18:39:21.919985Z", "fetched_at": "2025-07-14T18:39:31.789788+00:00", "symbol": "BTC-USD"}, {"trade_id": 848952319, "side": "sell", "size": "0.00165965", "price": "119900.08000000", "time": "2025-07-14T18:39:21.648668Z", "fetched_at": "2025-07-14T18:39:31.789788+00:00", "symbol": "BTC-USD"}, {"trade_id": 848952318, "side": "sell", "size": "0.00002461", "price": "119900.07000000", "time": "2025-07-14T18:39:21.648668Z", "fetched_at": "2025-07-14T18:39:31.789788+00:00", "symbol": "BTC-USD"}, {"trade_id": 848952317, "side": "sell", "size": "0.00621537", "price": "119898.24000000", "time": "2025-07-14T18:39:21.648668Z", "fetched_at": "2025-07-14T18:39:31.789788+00:00", "symbol": "BTC-USD"}, {"trade_id": 848952316, "side": "sell", "size": "0.00001033", "price": "119898.20000000", "time": "2025-07-14T18:39:21.648668Z", "fetched_at": "2025-07-14T18:39:31.789788+00:00", "symbol": "BTC-USD"}, {"trade_id": 848952315, "side": "buy", "size": "0.00000291", "price": "119895.92000000", "time": "2025-07-14T18:39:21.503908Z", "fetched_at": "2025-07-14T18:39:31.789788+00:00", "symbol": "BTC-USD"}, {"trade_id": 848952314, "side": "buy", "size": "0.00002586", "price": "119895.92000000", "time": "2025-07-14T18:39:20.661343Z", "fetched_at": "2025-07-14T18:39:31.789788+00:00", "symbol": "BTC-USD"}, {"trade_id": 848952313, "side": "sell", "size": "0.00017177", "price": "119900.98000000", "time": "2025-07-14T18:39:20.525739Z", "fetched_at": "2025-07-14T18:39:31.789788+00:00", "symbol": "BTC-USD"}, {"trade_id": 848952312, "side": "sell", "size": "0.00003462", "price": "119900.97000000", "time": "2025-07-14T18:39:20.525739Z", "fetched_at": "2025-07-14T18:39:31.789788+00:00", "symbol": "BTC-USD"}, {"trade_id": 848952311, "side": "sell", "size": "0.00161651", "price": "119898.29000000", "time": "2025-07-14T18:39:20.304335Z", "fetched_at": "2025-07-14T18:39:31.789788+00:00", "symbol": "BTC-USD"}, {"trade_id": 848952310, "side": "sell", "size": "0.00003462", "price": "119898.28000000", "time": "2025-07-14T18:39:20.304335Z", "fetched_at": "2025-07-14T18:39:31.789788+00:00", "symbol": "BTC-USD"}, {"trade_id": 848952309, "side": "buy", "size": "0.00002352", "price": "119893.15000000", "time": "2025-07-14T18:39:20.001887Z", "fetched_at": "2025-07-14T18:39:31.789788+00:00", "symbol": "BTC-USD"}, {"trade_id": 848952308, "side": "sell", "size": "0.00001412", "price": "119898.28000000", "time": "2025-07-14T18:39:19.680762Z", "fetched_at": "2025-07-14T18:39:31.789788+00:00", "symbol": "BTC-USD"}, {"trade_id": 848952307, "side": "sell", "size": "0.00162075", "price": "119893.82000000", "time": "2025-07-14T18:39:19.563568Z", "fetched_at": "2025-07-14T18:39:31.789788+00:00", "symbol": "BTC-USD"}, {"trade_id": 848952306, "side": "buy", "size": "0.02527064", "price": "119890.66000000", "time": "2025-07-14T18:39:19.299546Z", "fetched_at": "2025-07-14T18:39:31.789788+00:00", "symbol": "BTC-USD"}, {"trade_id": 848952305, "side": "buy", "size": "0.02154527", "price": "119895.20000000", "time": "2025-07-14T18:39:19.265791Z", "fetched_at": "2025-07-14T18:39:31.789788+00:00", "symbol": "BTC-USD"}, {"trade_id": 848952304, "side": "buy", "size": "0.00764146", "price": "119896.50000000", "time": "2025-07-14T18:39:19.265791Z", "fetched_at": "2025-07-14T18:39:31.789788+00:00", "symbol": "BTC-USD"}, {"trade_id": 848952303, "side": "buy", "size": "0.00069907", "price": "119896.50000000", "time": "2025-07-14T18:39:19.264621Z", "fetched_at": "2025-07-14T18:39:31.789788+00:00", "symbol": "BTC-USD"}, {"trade_id": 848952302, "side": "buy", "size": "0.00002159", "price": "119898.30000000", "time": "2025-07-14T18:39:19.264621Z", "fetched_at": "2025-07-14T18:39:31.789788+00:00", "symbol": "BTC-USD"}, {"trade_id": 848952301, "side": "buy", "size": "0.00078062", "price": "119898.30000000", "time": "2025-07-14T18:39:19.264621Z", "fetched_at": "2025-07-14T18:39:31.789788+00:00", "symbol": "BTC-USD"}, {"trade_id": 848952300, "side": "sell", "size": "0.00048468", "price": "119904.35000000", "time": "2025-07-14T18:39:18.636261Z", "fetched_at": "2025-07-14T18:39:31.789788+00:00", "symbol": "BTC-USD"}, {"trade_id": 848952299, "side": "sell", "size": "0.00035338", "price": "119914.51000000", "time": "2025-07-14T18:39:17.952842Z", "fetched_at": "2025-07-14T18:39:31.789788+00:00", "symbol": "BTC-USD"}, {"trade_id": 848952298, "side": "sell", "size": "0.00004165", "price": "119909.54000000", "time": "2025-07-14T18:39:17.952842Z", "fetched_at": "2025-07-14T18:39:31.789788+00:00", "symbol": "BTC-USD"}, {"trade_id": 848952297, "side": "sell", "size": "0.00294801", "price": "119914.72000000", "time": "2025-07-14T18:39:17.769114Z", "fetched_at": "2025-07-14T18:39:31.789788+00:00", "symbol": "BTC-USD"}, {"trade_id": 848952296, "side": "sell", "size": "0.00004165", "price": "119914.71000000", "time": "2025-07-14T18:39:17.769114Z", "fetched_at": "2025-07-14T18:39:31.789788+00:00", "symbol": "BTC-USD"}, {"trade_id": 848952295, "side": "sell", "size": "0.00001034", "price": "119907.87000000", "time": "2025-07-14T18:39:17.769114Z", "fetched_at": "2025-07-14T18:39:31.789788+00:00", "symbol": "BTC-USD"}, {"trade_id": 848952294, "side": "sell", "size": "0.00391891", "price": "119907.87000000", "time": "2025-07-14T18:39:17.212432Z", "fetched_at": "2025-07-14T18:39:31.789788+00:00", "symbol": "BTC-USD"}, {"trade_id": 848952293, "side": "sell", "size": "0.00003241", "price": "119906.11000000", "time": "2025-07-14T18:39:17.212432Z", "fetched_at": "2025-07-14T18:39:31.789788+00:00", "symbol": "BTC-USD"}, {"trade_id": 848952292, "side": "sell", "size": "0.00008624", "price": "119907.87000000", "time": "2025-07-14T18:39:16.806537Z", "fetched_at": "2025-07-14T18:39:31.789788+00:00", "symbol": "BTC-USD"}, {"trade_id": 848952291, "side": "sell", "size": "0.00003241", "price": "119907.86000000", "time": "2025-07-14T18:39:16.806537Z", "fetched_at": "2025-07-14T18:39:31.789788+00:00", "symbol": "BTC-USD"}, {"trade_id": 848952290, "side": "buy", "size": "0.00264915", "price": "119907.86000000", "time": "2025-07-14T18:39:16.701356Z", "fetched_at": "2025-07-14T18:39:31.789788+00:00", "symbol": "BTC-USD"}, {"trade_id": 848952289, "side": "buy", "size": "0.00007861", "price": "119905.73000000", "time": "2025-07-14T18:39:16.099931Z", "fetched_at": "2025-07-14T18:39:31.789788+00:00", "symbol": "BTC-USD"}, {"trade_id": 848952288, "side": "buy", "size": "0.00479563", "price": "119905.73000000", "time": "2025-07-14T18:39:16.099931Z", "fetched_at": "2025-07-14T18:39:31.789788+00:00", "symbol": "BTC-USD"}, {"trade_id": 848952287, "side": "buy", "size": "0.00020456", "price": "119905.73000000", "time": "2025-07-14T18:39:16.036769Z", "fetched_at": "2025-07-14T18:39:31.789788+00:00", "symbol": "BTC-USD"}, {"trade_id": 848952286, "side": "buy", "size": "0.00499981", "price": "119905.73000000", "time": "2025-07-14T18:39:15.965103Z", "fetched_at": "2025-07-14T18:39:31.789788+00:00", "symbol": "BTC-USD"}, {"trade_id": 848952285, "side": "buy", "size": "0.00334339", "price": "119905.73000000", "time": "2025-07-14T18:39:15.965103Z", "fetched_at": "2025-07-14T18:39:31.789788+00:00", "symbol": "BTC-USD"}, {"trade_id": 848952284, "side": "buy", "size": "0.00002813", "price": "119906.78000000", "time": "2025-07-14T18:39:14.840272Z", "fetched_at": "2025-07-14T18:39:31.789788+00:00", "symbol": "BTC-USD"}, {"trade_id": 848952283, "side": "sell", "size": "0.00000908", "price": "119924.38000000", "time": "2025-07-14T18:39:14.792042Z", "fetched_at": "2025-07-14T18:39:31.789788+00:00", "symbol": "BTC-USD"}, {"trade_id": 848952282, "side": "sell", "size": "0.00090562", "price": "119924.52000000", "time": "2025-07-14T18:39:14.572070Z", "fetched_at": "2025-07-14T18:39:31.789788+00:00", "symbol": "BTC-USD"}, {"trade_id": 848952281, "side": "sell", "size": "0.00728854", "price": "119924.51000000", "time": "2025-07-14T18:39:14.572070Z", "fetched_at": "2025-07-14T18:39:31.789788+00:00", "symbol": "BTC-USD"}, {"trade_id": 848952280, "side": "sell", "size": "0.00006428", "price": "119924.50000000", "time": "2025-07-14T18:39:14.572070Z", "fetched_at": "2025-07-14T18:39:31.789788+00:00", "symbol": "BTC-USD"}, {"trade_id": 848952279, "side": "buy", "size": "0.00060887", "price": "119915.44000000", "time": "2025-07-14T18:39:14.265698Z", "fetched_at": "2025-07-14T18:39:31.789788+00:00", "symbol": "BTC-USD"}, {"trade_id": 848952278, "side": "sell", "size": "0.00004940", "price": "119924.93000000", "time": "2025-07-14T18:39:13.752816Z", "fetched_at": "2025-07-14T18:39:31.789788+00:00", "symbol": "BTC-USD"}, {"trade_id": 848952277, "side": "sell", "size": "0.00001252", "price": "119922.42000000", "time": "2025-07-14T18:39:13.752816Z", "fetched_at": "2025-07-14T18:39:31.789788+00:00", "symbol": "BTC-USD"}, {"trade_id": 848952276, "side": "sell", "size": "0.00000899", "price": "119918.93000000", "time": "2025-07-14T18:39:13.752816Z", "fetched_at": "2025-07-14T18:39:31.789788+00:00", "symbol": "BTC-USD"}, {"trade_id": 848952275, "side": "sell", "size": "0.00000960", "price": "119917.54000000", "time": "2025-07-14T18:39:13.752816Z", "fetched_at": "2025-07-14T18:39:31.789788+00:00", "symbol": "BTC-USD"}, {"trade_id": 848952274, "side": "sell", "size": "0.00000073", "price": "119917.54000000", "time": "2025-07-14T18:39:13.471530Z", "fetched_at": "2025-07-14T18:39:31.789788+00:00", "symbol": "BTC-USD"}, {"trade_id": 848952273, "side": "sell", "size": "0.00133372", "price": "119917.53000000", "time": "2025-07-14T18:39:12.829619Z", "fetched_at": "2025-07-14T18:39:31.789788+00:00", "symbol": "BTC-USD"}, {"trade_id": 848952272, "side": "sell", "size": "0.00007969", "price": "119917.52000000", "time": "2025-07-14T18:39:12.829619Z", "fetched_at": "2025-07-14T18:39:31.789788+00:00", "symbol": "BTC-USD"}, {"trade_id": 848952271, "side": "sell", "size": "0.00081045", "price": "119917.52000000", "time": "2025-07-14T18:39:12.326469Z", "fetched_at": "2025-07-14T18:39:31.789788+00:00", "symbol": "BTC-USD"}, {"trade_id": 848952270, "side": "buy", "size": "0.00001538", "price": "119905.87000000", "time": "2025-07-14T18:39:11.526792Z", "fetched_at": "2025-07-14T18:39:31.789788+00:00", "symbol": "BTC-USD"}, {"trade_id": 848952269, "side": "buy", "size": "0.00001548", "price": "119907.60000000", "time": "2025-07-14T18:39:11.526792Z", "fetched_at": "2025-07-14T18:39:31.789788+00:00", "symbol": "BTC-USD"}, {"trade_id": 848952268, "side": "sell", "size": "0.00009400", "price": "119915.37000000", "time": "2025-07-14T18:39:10.600974Z", "fetched_at": "2025-07-14T18:39:31.789788+00:00", "symbol": "BTC-USD"}, {"trade_id": 848952267, "side": "sell", "size": "0.00103471", "price": "119915.36000000", "time": "2025-07-14T18:39:10.600974Z", "fetched_at": "2025-07-14T18:39:31.789788+00:00", "symbol": "BTC-USD"}, {"trade_id": 848952266, "side": "buy", "size": "0.00046562", "price": "119898.79000000", "time": "2025-07-14T18:39:10.197065Z", "fetched_at": "2025-07-14T18:39:31.789788+00:00", "symbol": "BTC-USD"}, {"trade_id": 848952265, "side": "buy", "size": "0.00700000", "price": "119898.79000000", "time": "2025-07-14T18:39:10.197065Z", "fetched_at": "2025-07-14T18:39:31.789788+00:00", "symbol": "BTC-USD"}, {"trade_id": 848952264, "side": "buy", "size": "0.00416951", "price": "119902.04000000", "time": "2025-07-14T18:39:10.197065Z", "fetched_at": "2025-07-14T18:39:31.789788+00:00", "symbol": "BTC-USD"}, {"trade_id": 848952263, "side": "sell", "size": "0.00000299", "price": "119918.92000000", "time": "2025-07-14T18:39:10.068519Z", "fetched_at": "2025-07-14T18:39:31.789788+00:00", "symbol": "BTC-USD"}, {"trade_id": 848952262, "side": "sell", "size": "0.00064163", "price": "119918.93000000", "time": "2025-07-14T18:39:09.437572Z", "fetched_at": "2025-07-14T18:39:31.789788+00:00", "symbol": "BTC-USD"}, {"trade_id": 848952261, "side": "buy", "size": "0.00002501", "price": "119902.15000000", "time": "2025-07-14T18:39:08.040648Z", "fetched_at": "2025-07-14T18:39:31.789788+00:00", "symbol": "BTC-USD"}, {"trade_id": 848952260, "side": "sell", "size": "0.00015818", "price": "119914.91000000", "time": "2025-07-14T18:39:07.517174Z", "fetched_at": "2025-07-14T18:39:31.789788+00:00", "symbol": "BTC-USD"}, {"trade_id": 848952259, "side": "sell", "size": "0.00248309", "price": "119914.91000000", "time": "2025-07-14T18:39:07.516916Z", "fetched_at": "2025-07-14T18:39:31.789788+00:00", "symbol": "BTC-USD"}, {"trade_id": 848952258, "side": "sell", "size": "0.00417045", "price": "119911.73000000", "time": "2025-07-14T18:39:07.328233Z", "fetched_at": "2025-07-14T18:39:31.789788+00:00", "symbol": "BTC-USD"}, {"trade_id": 848952257, "side": "sell", "size": "0.00001034", "price": "119907.00000000", "time": "2025-07-14T18:39:07.328233Z", "fetched_at": "2025-07-14T18:39:31.789788+00:00", "symbol": "BTC-USD"}, {"trade_id": 848952256, "side": "sell", "size": "0.00000041", "price": "119907.00000000", "time": "2025-07-14T18:39:07.328233Z", "fetched_at": "2025-07-14T18:39:31.789788+00:00", "symbol": "BTC-USD"}, {"trade_id": 848952255, "side": "sell", "size": "0.00395485", "price": "119907.00000000", "time": "2025-07-14T18:39:06.429689Z", "fetched_at": "2025-07-14T18:39:31.789788+00:00", "symbol": "BTC-USD"}, {"trade_id": 848952254, "side": "sell", "size": "0.00014871", "price": "119907.00000000", "time": "2025-07-14T18:39:06.278893Z", "fetched_at": "2025-07-14T18:39:31.789788+00:00", "symbol": "BTC-USD"}, {"trade_id": 848952253, "side": "sell", "size": "0.00014382", "price": "119907.00000000", "time": "2025-07-14T18:39:05.965826Z", "fetched_at": "2025-07-14T18:39:31.789788+00:00", "symbol": "BTC-USD"}, {"trade_id": 848952252, "side": "sell", "size": "0.00000208", "price": "119907.00000000", "time": "2025-07-14T18:39:05.965826Z", "fetched_at": "2025-07-14T18:39:31.789788+00:00", "symbol": "BTC-USD"}, {"trade_id": 848952251, "side": "sell", "size": "0.00869553", "price": "119918.44000000", "time": "2025-07-14T18:39:05.140664Z", "fetched_at": "2025-07-14T18:39:31.789788+00:00", "symbol": "BTC-USD"}, {"trade_id": 848952250, "side": "sell", "size": "0.02899156", "price": "119917.96000000", "time": "2025-07-14T18:39:05.140664Z", "fetched_at": "2025-07-14T18:39:31.789788+00:00", "symbol": "BTC-USD"}, {"trade_id": 848952249, "side": "sell", "size": "0.00833905", "price": "119917.73000000", "time": "2025-07-14T18:39:05.140664Z", "fetched_at": "2025-07-14T18:39:31.789788+00:00", "symbol": "BTC-USD"}, {"trade_id": 848952248, "side": "sell", "size": "0.00001000", "price": "119917.61000000", "time": "2025-07-14T18:39:05.140664Z", "fetched_at": "2025-07-14T18:39:31.789788+00:00", "symbol": "BTC-USD"}, {"trade_id": 848952247, "side": "sell", "size": "0.00833911", "price": "119916.81000000", "time": "2025-07-14T18:39:05.140664Z", "fetched_at": "2025-07-14T18:39:31.789788+00:00", "symbol": "BTC-USD"}, {"trade_id": 848952246, "side": "sell", "size": "0.01741523", "price": "119916.78000000", "time": "2025-07-14T18:39:05.140664Z", "fetched_at": "2025-07-14T18:39:31.789788+00:00", "symbol": "BTC-USD"}, {"trade_id": 848952245, "side": "sell", "size": "0.01000000", "price": "119916.77000000", "time": "2025-07-14T18:39:05.140664Z", "fetched_at": "2025-07-14T18:39:31.789788+00:00", "symbol": "BTC-USD"}, {"trade_id": 848952244, "side": "sell", "size": "0.01545260", "price": "119916.77000000", "time": "2025-07-14T18:39:05.140664Z", "fetched_at": "2025-07-14T18:39:31.789788+00:00", "symbol": "BTC-USD"}, {"trade_id": 848952243, "side": "sell", "size": "0.00000841", "price": "119916.75000000", "time": "2025-07-14T18:39:05.140664Z", "fetched_at": "2025-07-14T18:39:31.789788+00:00", "symbol": "BTC-USD"}, {"trade_id": 848952242, "side": "sell", "size": "0.00000429", "price": "119907.00000000", "time": "2025-07-14T18:39:05.140664Z", "fetched_at": "2025-07-14T18:39:31.789788+00:00", "symbol": "BTC-USD"}, {"trade_id": 848952241, "side": "sell", "size": "0.00000216", "price": "119907.00000000", "time": "2025-07-14T18:39:05.140664Z", "fetched_at": "2025-07-14T18:39:31.789788+00:00", "symbol": "BTC-USD"}, {"trade_id": 848952240, "side": "sell", "size": "0.00024770", "price": "119906.97000000", "time": "2025-07-14T18:39:03.701206Z", "fetched_at": "2025-07-14T18:39:31.789788+00:00", "symbol": "BTC-USD"}, {"trade_id": 848952239, "side": "sell", "size": "0.00162067", "price": "119906.97000000", "time": "2025-07-14T18:39:03.588489Z", "fetched_at": "2025-07-14T18:39:31.789788+00:00", "symbol": "BTC-USD"}, {"trade_id": 848952238, "side": "buy", "size": "0.00084240", "price": "119892.51000000", "time": "2025-07-14T18:39:03.381604Z", "fetched_at": "2025-07-14T18:39:31.789788+00:00", "symbol": "BTC-USD"}, {"trade_id": 848952237, "side": "sell", "size": "0.00039543", "price": "119906.98000000", "time": "2025-07-14T18:39:02.924038Z", "fetched_at": "2025-07-14T18:39:31.789788+00:00", "symbol": "BTC-USD"}, {"trade_id": 848952236, "side": "sell", "size": "0.00013290", "price": "119910.76000000", "time": "2025-07-14T18:39:02.776165Z", "fetched_at": "2025-07-14T18:39:31.789788+00:00", "symbol": "BTC-USD"}, {"trade_id": 848952235, "side": "sell", "size": "0.00000208", "price": "119910.76000000", "time": "2025-07-14T18:39:02.776165Z", "fetched_at": "2025-07-14T18:39:31.789788+00:00", "symbol": "BTC-USD"}, {"trade_id": 848952234, "side": "sell", "size": "0.00001000", "price": "119908.62000000", "time": "2025-07-14T18:39:02.776165Z", "fetched_at": "2025-07-14T18:39:31.789788+00:00", "symbol": "BTC-USD"}, {"trade_id": 848952233, "side": "sell", "size": "0.00000675", "price": "119907.03000000", "time": "2025-07-14T18:39:02.776165Z", "fetched_at": "2025-07-14T18:39:31.789788+00:00", "symbol": "BTC-USD"}, {"trade_id": 848952232, "side": "sell", "size": "0.00001033", "price": "119907.00000000", "time": "2025-07-14T18:39:02.776165Z", "fetched_at": "2025-07-14T18:39:31.789788+00:00", "symbol": "BTC-USD"}, {"trade_id": 848952231, "side": "buy", "size": "0.00005671", "price": "119889.06000000", "time": "2025-07-14T18:39:02.054583Z", "fetched_at": "2025-07-14T18:39:31.789788+00:00", "symbol": "BTC-USD"}, {"trade_id": 848952230, "side": "sell", "size": "0.00013295", "price": "119906.97000000", "time": "2025-07-14T18:39:01.817152Z", "fetched_at": "2025-07-14T18:39:31.789788+00:00", "symbol": "BTC-USD"}, {"trade_id": 848952229, "side": "sell", "size": "0.00000880", "price": "119906.96000000", "time": "2025-07-14T18:39:01.817152Z", "fetched_at": "2025-07-14T18:39:31.789788+00:00", "symbol": "BTC-USD"}, {"trade_id": 848952228, "side": "buy", "size": "0.00065698", "price": "119898.95000000", "time": "2025-07-14T18:39:01.712612Z", "fetched_at": "2025-07-14T18:39:31.789788+00:00", "symbol": "BTC-USD"}, {"trade_id": 848952227, "side": "buy", "size": "0.01960117", "price": "119888.05000000", "time": "2025-07-14T18:39:01.221303Z", "fetched_at": "2025-07-14T18:39:31.789788+00:00", "symbol": "BTC-USD"}, {"trade_id": 848952226, "side": "buy", "size": "0.01000000", "price": "119888.06000000", "time": "2025-07-14T18:39:01.221303Z", "fetched_at": "2025-07-14T18:39:31.789788+00:00", "symbol": "BTC-USD"}, {"trade_id": 848952225, "side": "buy", "size": "0.00416960", "price": "119895.80000000", "time": "2025-07-14T18:39:01.221303Z", "fetched_at": "2025-07-14T18:39:31.789788+00:00", "symbol": "BTC-USD"}, {"trade_id": 848952224, "side": "buy", "size": "0.00000683", "price": "119895.83000000", "time": "2025-07-14T18:39:01.221303Z", "fetched_at": "2025-07-14T18:39:31.789788+00:00", "symbol": "BTC-USD"}, {"trade_id": 848952223, "side": "buy", "size": "0.00000233", "price": "119895.83000000", "time": "2025-07-14T18:39:01.221303Z", "fetched_at": "2025-07-14T18:39:31.789788+00:00", "symbol": "BTC-USD"}, {"trade_id": 848952222, "side": "buy", "size": "0.00834018", "price": "119901.46000000", "time": "2025-07-14T18:39:01.221303Z", "fetched_at": "2025-07-14T18:39:31.789788+00:00", "symbol": "BTC-USD"}, {"trade_id": 848952221, "side": "sell", "size": "0.00006117", "price": "119903.96000000", "time": "2025-07-14T18:39:00.430232Z", "fetched_at": "2025-07-14T18:39:31.789788+00:00", "symbol": "BTC-USD"}, {"trade_id": 848952220, "side": "sell", "size": "0.00000898", "price": "119903.95000000", "time": "2025-07-14T18:39:00.430232Z", "fetched_at": "2025-07-14T18:39:31.789788+00:00", "symbol": "BTC-USD"}, {"trade_id": 848952219, "side": "sell", "size": "0.00001034", "price": "119895.80000000", "time": "2025-07-14T18:39:00.430232Z", "fetched_at": "2025-07-14T18:39:31.789788+00:00", "symbol": "BTC-USD"}, {"trade_id": 848952218, "side": "sell", "size": "0.00001992", "price": "119888.30000000", "time": "2025-07-14T18:39:00.375979Z", "fetched_at": "2025-07-14T18:39:31.789788+00:00", "symbol": "BTC-USD"}, {"trade_id": 848952217, "side": "buy", "size": "0.00308699", "price": "119881.74000000", "time": "2025-07-14T18:39:00.330677Z", "fetched_at": "2025-07-14T18:39:31.789788+00:00", "symbol": "BTC-USD"}, {"trade_id": 848952216, "side": "buy", "size": "0.00963000", "price": "119888.29000000", "time": "2025-07-14T18:39:00.330677Z", "fetched_at": "2025-07-14T18:39:31.789788+00:00", "symbol": "BTC-USD"}, {"trade_id": 848952215, "side": "sell", "size": "0.00633128", "price": "119888.29000000", "time": "2025-07-14T18:39:00.130725Z", "fetched_at": "2025-07-14T18:39:31.789788+00:00", "symbol": "BTC-USD"}, {"trade_id": 848952214, "side": "sell", "size": "0.00834100", "price": "119888.29000000", "time": "2025-07-14T18:39:00.130725Z", "fetched_at": "2025-07-14T18:39:31.789788+00:00", "symbol": "BTC-USD"}, {"trade_id": 848952213, "side": "sell", "size": "0.00000879", "price": "119888.28000000", "time": "2025-07-14T18:39:00.130725Z", "fetched_at": "2025-07-14T18:39:31.789788+00:00", "symbol": "BTC-USD"}, {"trade_id": 848952212, "side": "sell", "size": "0.00963000", "price": "119886.07000000", "time": "2025-07-14T18:39:00.130725Z", "fetched_at": "2025-07-14T18:39:31.789788+00:00", "symbol": "BTC-USD"}, {"trade_id": 848952211, "side": "buy", "size": "0.00002158", "price": "119895.20000000", "time": "2025-07-14T18:38:59.990206Z", "fetched_at": "2025-07-14T18:39:31.789788+00:00", "symbol": "BTC-USD"}, {"trade_id": 848952210, "side": "buy", "size": "0.00000116", "price": "119895.20000000", "time": "2025-07-14T18:38:59.990206Z", "fetched_at": "2025-07-14T18:39:31.789788+00:00", "symbol": "BTC-USD"}, {"trade_id": 848952209, "side": "buy", "size": "0.00000350", "price": "119895.20000000", "time": "2025-07-14T18:38:59.990206Z", "fetched_at": "2025-07-14T18:39:31.789788+00:00", "symbol": "BTC-USD"}, {"trade_id": 848952208, "side": "sell", "size": "0.00039617", "price": "119895.21000000", "time": "2025-07-14T18:38:59.364415Z", "fetched_at": "2025-07-14T18:39:31.789788+00:00", "symbol": "BTC-USD"}, {"trade_id": 848952207, "side": "sell", "size": "0.00000902", "price": "119895.21000000", "time": "2025-07-14T18:38:59.364415Z", "fetched_at": "2025-07-14T18:39:31.789788+00:00", "symbol": "BTC-USD"}, {"trade_id": 848952206, "side": "sell", "size": "0.00081039", "price": "119895.55000000", "time": "2025-07-14T18:38:57.747671Z", "fetched_at": "2025-07-14T18:39:31.789788+00:00", "symbol": "BTC-USD"}, {"trade_id": 848952205, "side": "sell", "size": "0.00001703", "price": "119900.59000000", "time": "2025-07-14T18:38:56.373628Z", "fetched_at": "2025-07-14T18:39:31.789788+00:00", "symbol": "BTC-USD"}, {"trade_id": 848952204, "side": "sell", "size": "0.00008542", "price": "119902.88000000", "time": "2025-07-14T18:38:56.223549Z", "fetched_at": "2025-07-14T18:39:31.789788+00:00", "symbol": "BTC-USD"}, {"trade_id": 848952203, "side": "sell", "size": "0.00007969", "price": "119901.44000000", "time": "2025-07-14T18:38:56.223549Z", "fetched_at": "2025-07-14T18:39:31.789788+00:00", "symbol": "BTC-USD"}, {"trade_id": 848952202, "side": "sell", "size": "0.00020260", "price": "119901.40000000", "time": "2025-07-14T18:38:56.215501Z", "fetched_at": "2025-07-14T18:39:31.789788+00:00", "symbol": "BTC-USD"}, {"trade_id": 848952201, "side": "sell", "size": "0.00008237", "price": "119902.89000000", "time": "2025-07-14T18:38:56.056658Z", "fetched_at": "2025-07-14T18:39:31.789788+00:00", "symbol": "BTC-USD"}, {"trade_id": 848952200, "side": "sell", "size": "0.00007969", "price": "119901.44000000", "time": "2025-07-14T18:38:56.056658Z", "fetched_at": "2025-07-14T18:39:31.789788+00:00", "symbol": "BTC-USD"}, {"trade_id": 848952199, "side": "sell", "size": "0.00462599", "price": "119910.78000000", "time": "2025-07-14T18:38:54.878594Z", "fetched_at": "2025-07-14T18:39:31.789788+00:00", "symbol": "BTC-USD"}, {"trade_id": 848952198, "side": "sell", "size": "0.00007850", "price": "119912.98000000", "time": "2025-07-14T18:38:54.476481Z", "fetched_at": "2025-07-14T18:39:31.789788+00:00", "symbol": "BTC-USD"}, {"trade_id": 848952197, "side": "sell", "size": "0.00000200", "price": "119905.10000000", "time": "2025-07-14T18:38:54.476481Z", "fetched_at": "2025-07-14T18:39:31.789788+00:00", "symbol": "BTC-USD"}, {"trade_id": 848952196, "side": "sell", "size": "0.00407041", "price": "119903.03000000", "time": "2025-07-14T18:38:54.182389Z", "fetched_at": "2025-07-14T18:39:31.789788+00:00", "symbol": "BTC-USD"}, {"trade_id": 848952195, "side": "sell", "size": "0.00004874", "price": "119903.02000000", "time": "2025-07-14T18:38:54.182389Z", "fetched_at": "2025-07-14T18:39:31.789788+00:00", "symbol": "BTC-USD"}, {"trade_id": 848952194, "side": "sell", "size": "0.00003095", "price": "119903.02000000", "time": "2025-07-14T18:38:54.176747Z", "fetched_at": "2025-07-14T18:39:31.789788+00:00", "symbol": "BTC-USD"}, {"trade_id": 848952193, "side": "sell", "size": "0.00001033", "price": "119902.57000000", "time": "2025-07-14T18:38:54.176747Z", "fetched_at": "2025-07-14T18:39:31.789788+00:00", "symbol": "BTC-USD"}, {"trade_id": 848952192, "side": "sell", "size": "0.00007849", "price": "119901.23000000", "time": "2025-07-14T18:38:53.967800Z", "fetched_at": "2025-07-14T18:39:31.789788+00:00", "symbol": "BTC-USD"}, {"trade_id": 848952191, "side": "sell", "size": "0.00007969", "price": "119901.22000000", "time": "2025-07-14T18:38:53.967800Z", "fetched_at": "2025-07-14T18:39:31.789788+00:00", "symbol": "BTC-USD"}, {"trade_id": 848952190, "side": "sell", "size": "0.00802012", "price": "119901.10000000", "time": "2025-07-14T18:38:53.677243Z", "fetched_at": "2025-07-14T18:39:31.789788+00:00", "symbol": "BTC-USD"}, {"trade_id": 848952189, "side": "sell", "size": "0.00007969", "price": "119901.10000000", "time": "2025-07-14T18:38:53.677243Z", "fetched_at": "2025-07-14T18:39:31.789788+00:00", "symbol": "BTC-USD"}, {"trade_id": 848952188, "side": "sell", "size": "0.00000982", "price": "119901.20000000", "time": "2025-07-14T18:38:53.495899Z", "fetched_at": "2025-07-14T18:39:31.789788+00:00", "symbol": "BTC-USD"}, {"trade_id": 848952187, "side": "buy", "size": "0.00317622", "price": "119897.53000000", "time": "2025-07-14T18:38:53.495364Z", "fetched_at": "2025-07-14T18:39:31.789788+00:00", "symbol": "BTC-USD"}, {"trade_id": 848952186, "side": "sell", "size": "0.00008114", "price": "119901.21000000", "time": "2025-07-14T18:38:53.219486Z", "fetched_at": "2025-07-14T18:39:31.789788+00:00", "symbol": "BTC-USD"}, {"trade_id": 848952185, "side": "sell", "size": "0.00007969", "price": "119901.20000000", "time": "2025-07-14T18:38:53.219486Z", "fetched_at": "2025-07-14T18:39:31.789788+00:00", "symbol": "BTC-USD"}, {"trade_id": 848952184, "side": "sell", "size": "0.00001264", "price": "119901.21000000", "time": "2025-07-14T18:38:52.920982Z", "fetched_at": "2025-07-14T18:39:31.789788+00:00", "symbol": "BTC-USD"}, {"trade_id": 848952183, "side": "sell", "size": "0.00030031", "price": "119899.54000000", "time": "2025-07-14T18:38:52.540984Z", "fetched_at": "2025-07-14T18:39:31.789788+00:00", "symbol": "BTC-USD"}, {"trade_id": 848952182, "side": "sell", "size": "0.00007969", "price": "119899.53000000", "time": "2025-07-14T18:38:52.540984Z", "fetched_at": "2025-07-14T18:39:31.789788+00:00", "symbol": "BTC-USD"}, {"trade_id": 848952181, "side": "sell", "size": "0.00001651", "price": "119897.91000000", "time": "2025-07-14T18:38:52.159407Z", "fetched_at": "2025-07-14T18:39:31.789788+00:00", "symbol": "BTC-USD"}, {"trade_id": 848952180, "side": "sell", "size": "0.00020260", "price": "119897.91000000", "time": "2025-07-14T18:38:52.148872Z", "fetched_at": "2025-07-14T18:39:31.789788+00:00", "symbol": "BTC-USD"}, {"trade_id": 848952179, "side": "sell", "size": "0.00412781", "price": "119897.91000000", "time": "2025-07-14T18:38:51.972538Z", "fetched_at": "2025-07-14T18:39:31.789788+00:00", "symbol": "BTC-USD"}, {"trade_id": 848952178, "side": "buy", "size": "0.00898262", "price": "119884.61000000", "time": "2025-07-14T18:38:51.553280Z", "fetched_at": "2025-07-14T18:39:31.789788+00:00", "symbol": "BTC-USD"}, {"trade_id": 848952177, "side": "buy", "size": "0.01502237", "price": "119884.62000000", "time": "2025-07-14T18:38:51.553280Z", "fetched_at": "2025-07-14T18:39:31.789788+00:00", "symbol": "BTC-USD"}, {"trade_id": 848952176, "side": "buy", "size": "0.00001000", "price": "119890.64000000", "time": "2025-07-14T18:38:51.553280Z", "fetched_at": "2025-07-14T18:39:31.789788+00:00", "symbol": "BTC-USD"}, {"trade_id": 848952175, "side": "buy", "size": "0.00416987", "price": "119893.91000000", "time": "2025-07-14T18:38:51.553280Z", "fetched_at": "2025-07-14T18:39:31.789788+00:00", "symbol": "BTC-USD"}, {"trade_id": 848952174, "side": "buy", "size": "0.00834056", "price": "119895.96000000", "time": "2025-07-14T18:38:51.553280Z", "fetched_at": "2025-07-14T18:39:31.789788+00:00", "symbol": "BTC-USD"}, {"trade_id": 848952173, "side": "buy", "size": "0.00834043", "price": "119897.76000000", "time": "2025-07-14T18:38:51.553280Z", "fetched_at": "2025-07-14T18:39:31.789788+00:00", "symbol": "BTC-USD"}, {"trade_id": 848952172, "side": "sell", "size": "0.00029858", "price": "119900.81000000", "time": "2025-07-14T18:38:51.196583Z", "fetched_at": "2025-07-14T18:39:31.789788+00:00", "symbol": "BTC-USD"}, {"trade_id": 848952171, "side": "buy", "size": "0.00462361", "price": "119895.87000000", "time": "2025-07-14T18:38:50.893455Z", "fetched_at": "2025-07-14T18:39:31.789788+00:00", "symbol": "BTC-USD"}, {"trade_id": 848952170, "side": "buy", "size": "0.00000241", "price": "119905.09000000", "time": "2025-07-14T18:38:50.893455Z", "fetched_at": "2025-07-14T18:39:31.789788+00:00", "symbol": "BTC-USD"}, {"trade_id": 848952169, "side": "buy", "size": "0.00000683", "price": "119905.09000000", "time": "2025-07-14T18:38:50.893455Z", "fetched_at": "2025-07-14T18:39:31.789788+00:00", "symbol": "BTC-USD"}, {"trade_id": 848952168, "side": "sell", "size": "0.00008049", "price": "119905.10000000", "time": "2025-07-14T18:38:50.145115Z", "fetched_at": "2025-07-14T18:39:31.789788+00:00", "symbol": "BTC-USD"}, {"trade_id": 848952167, "side": "buy", "size": "0.00833966", "price": "119908.98000000", "time": "2025-07-14T18:38:49.541996Z", "fetched_at": "2025-07-14T18:39:31.789788+00:00", "symbol": "BTC-USD"}, {"trade_id": 848952166, "side": "sell", "size": "0.00045665", "price": "119913.77000000", "time": "2025-07-14T18:38:49.184644Z", "fetched_at": "2025-07-14T18:39:31.789788+00:00", "symbol": "BTC-USD"}, {"trade_id": 848952165, "side": "sell", "size": "0.00007968", "price": "119913.76000000", "time": "2025-07-14T18:38:49.184644Z", "fetched_at": "2025-07-14T18:39:31.789788+00:00", "symbol": "BTC-USD"}, {"trade_id": 848952164, "side": "sell", "size": "0.00000082", "price": "119913.77000000", "time": "2025-07-14T18:38:48.987308Z", "fetched_at": "2025-07-14T18:39:31.789788+00:00", "symbol": "BTC-USD"}, {"trade_id": 848952163, "side": "sell", "size": "0.00007968", "price": "119913.76000000", "time": "2025-07-14T18:38:48.987308Z", "fetched_at": "2025-07-14T18:39:31.789788+00:00", "symbol": "BTC-USD"}, {"trade_id": 848952162, "side": "sell", "size": "0.00000690", "price": "119913.82000000", "time": "2025-07-14T18:38:48.817747Z", "fetched_at": "2025-07-14T18:39:31.789788+00:00", "symbol": "BTC-USD"}, {"trade_id": 848952161, "side": "sell", "size": "0.00073085", "price": "119913.82000000", "time": "2025-07-14T18:38:48.809356Z", "fetched_at": "2025-07-14T18:39:31.789788+00:00", "symbol": "BTC-USD"}, {"trade_id": 848952160, "side": "sell", "size": "0.00007968", "price": "119913.82000000", "time": "2025-07-14T18:38:48.809356Z", "fetched_at": "2025-07-14T18:39:31.789788+00:00", "symbol": "BTC-USD"}, {"trade_id": 848952159, "side": "sell", "size": "0.00007968", "price": "119913.82000000", "time": "2025-07-14T18:38:48.575171Z", "fetched_at": "2025-07-14T18:39:31.789788+00:00", "symbol": "BTC-USD"}, {"trade_id": 848952158, "side": "sell", "size": "0.00042365", "price": "119923.02000000", "time": "2025-07-14T18:38:48.360498Z", "fetched_at": "2025-07-14T18:39:31.789788+00:00", "symbol": "BTC-USD"}, {"trade_id": 848952157, "side": "sell", "size": "0.00007968", "price": "119913.82000000", "time": "2025-07-14T18:38:48.360498Z", "fetched_at": "2025-07-14T18:39:31.789788+00:00", "symbol": "BTC-USD"}, {"trade_id": 848952156, "side": "sell", "size": "0.00003822", "price": "119913.82000000", "time": "2025-07-14T18:38:48.027156Z", "fetched_at": "2025-07-14T18:39:31.789788+00:00", "symbol": "BTC-USD"}, {"trade_id": 848952155, "side": "sell", "size": "0.00002412", "price": "119913.82000000", "time": "2025-07-14T18:38:47.934487Z", "fetched_at": "2025-07-14T18:39:31.789788+00:00", "symbol": "BTC-USD"}, {"trade_id": 848952154, "side": "sell", "size": "0.00008256", "price": "119923.01000000", "time": "2025-07-14T18:38:47.759999Z", "fetched_at": "2025-07-14T18:39:31.789788+00:00", "symbol": "BTC-USD"}, {"trade_id": 848952153, "side": "sell", "size": "0.00814226", "price": "119923.74000000", "time": "2025-07-14T18:38:47.688365Z", "fetched_at": "2025-07-14T18:39:31.789788+00:00", "symbol": "BTC-USD"}, {"trade_id": 848952152, "side": "sell", "size": "0.00007968", "price": "119923.73000000", "time": "2025-07-14T18:38:47.688365Z", "fetched_at": "2025-07-14T18:39:31.789788+00:00", "symbol": "BTC-USD"}, {"trade_id": 848952151, "side": "sell", "size": "0.00000325", "price": "119914.73000000", "time": "2025-07-14T18:38:47.688365Z", "fetched_at": "2025-07-14T18:39:31.789788+00:00", "symbol": "BTC-USD"}, {"trade_id": 848952150, "side": "sell", "size": "0.00001688", "price": "119912.99000000", "time": "2025-07-14T18:38:47.688365Z", "fetched_at": "2025-07-14T18:39:31.789788+00:00", "symbol": "BTC-USD"}, {"trade_id": 848952149, "side": "buy", "size": "0.00300000", "price": "119910.41000000", "time": "2025-07-14T18:38:47.576246Z", "fetched_at": "2025-07-14T18:39:31.789788+00:00", "symbol": "BTC-USD"}, {"trade_id": 848952148, "side": "buy", "size": "0.00093336", "price": "119912.98000000", "time": "2025-07-14T18:38:47.019921Z", "fetched_at": "2025-07-14T18:39:31.789788+00:00", "symbol": "BTC-USD"}, {"trade_id": 848952147, "side": "sell", "size": "0.00020263", "price": "119912.99000000", "time": "2025-07-14T18:38:46.758553Z", "fetched_at": "2025-07-14T18:39:31.789788+00:00", "symbol": "BTC-USD"}, {"trade_id": 848952146, "side": "sell", "size": "0.01225944", "price": "119912.99000000", "time": "2025-07-14T18:38:46.492237Z", "fetched_at": "2025-07-14T18:39:31.789788+00:00", "symbol": "BTC-USD"}, {"trade_id": 848952145, "side": "sell", "size": "0.00016206", "price": "119912.99000000", "time": "2025-07-14T18:38:46.112309Z", "fetched_at": "2025-07-14T18:39:31.789788+00:00", "symbol": "BTC-USD"}, {"trade_id": 848952144, "side": "sell", "size": "0.00008126", "price": "119912.99000000", "time": "2025-07-14T18:38:45.784692Z", "fetched_at": "2025-07-14T18:39:31.789788+00:00", "symbol": "BTC-USD"}, {"trade_id": 848952143, "side": "sell", "size": "0.00007968", "price": "119912.99000000", "time": "2025-07-14T18:38:45.784692Z", "fetched_at": "2025-07-14T18:39:31.789788+00:00", "symbol": "BTC-USD"}, {"trade_id": 848952142, "side": "sell", "size": "0.00979174", "price": "119923.97000000", "time": "2025-07-14T18:38:45.518671Z", "fetched_at": "2025-07-14T18:39:31.789788+00:00", "symbol": "BTC-USD"}, {"trade_id": 848952141, "side": "sell", "size": "0.00630513", "price": "119917.99000000", "time": "2025-07-14T18:38:45.518671Z", "fetched_at": "2025-07-14T18:39:31.789788+00:00", "symbol": "BTC-USD"}, {"trade_id": 848952140, "side": "sell", "size": "0.00833925", "price": "119914.79000000", "time": "2025-07-14T18:38:45.518671Z", "fetched_at": "2025-07-14T18:39:31.789788+00:00", "symbol": "BTC-USD"}, {"trade_id": 848952139, "side": "sell", "size": "0.00503608", "price": "119912.99000000", "time": "2025-07-14T18:38:45.518671Z", "fetched_at": "2025-07-14T18:39:31.789788+00:00", "symbol": "BTC-USD"}, {"trade_id": 848952138, "side": "sell", "size": "0.00000233", "price": "119912.99000000", "time": "2025-07-14T18:38:45.518671Z", "fetched_at": "2025-07-14T18:39:31.789788+00:00", "symbol": "BTC-USD"}, {"trade_id": 848952137, "side": "sell", "size": "0.01000000", "price": "119912.99000000", "time": "2025-07-14T18:38:45.518671Z", "fetched_at": "2025-07-14T18:39:31.789788+00:00", "symbol": "BTC-USD"}, {"trade_id": 848952136, "side": "sell", "size": "0.00007968", "price": "119912.99000000", "time": "2025-07-14T18:38:45.518671Z", "fetched_at": "2025-07-14T18:39:31.789788+00:00", "symbol": "BTC-USD"}, {"trade_id": 848952135, "side": "sell", "size": "0.00309654", "price": "119917.99000000", "time": "2025-07-14T18:38:45.006687Z", "fetched_at": "2025-07-14T18:39:31.789788+00:00", "symbol": "BTC-USD"}, {"trade_id": 848952134, "side": "sell", "size": "0.00007968", "price": "119912.99000000", "time": "2025-07-14T18:38:45.006687Z", "fetched_at": "2025-07-14T18:39:31.789788+00:00", "symbol": "BTC-USD"}, {"trade_id": 848952133, "side": "buy", "size": "0.00390284", "price": "119892.13000000", "time": "2025-07-14T18:38:44.639998Z", "fetched_at": "2025-07-14T18:39:31.789788+00:00", "symbol": "BTC-USD"}, {"trade_id": 848952132, "side": "buy", "size": "0.00000116", "price": "119892.52000000", "time": "2025-07-14T18:38:44.639998Z", "fetched_at": "2025-07-14T18:39:31.789788+00:00", "symbol": "BTC-USD"}, {"trade_id": 848952131, "side": "buy", "size": "0.00000350", "price": "119892.52000000", "time": "2025-07-14T18:38:44.639998Z", "fetched_at": "2025-07-14T18:39:31.789788+00:00", "symbol": "BTC-USD"}, {"trade_id": 848952130, "side": "buy", "size": "0.06480000", "price": "119892.54000000", "time": "2025-07-14T18:38:44.639998Z", "fetched_at": "2025-07-14T18:39:31.789788+00:00", "symbol": "BTC-USD"}, {"trade_id": 848952129, "side": "buy", "size": "0.11293378", "price": "119892.55000000", "time": "2025-07-14T18:38:44.639998Z", "fetched_at": "2025-07-14T18:39:31.789788+00:00", "symbol": "BTC-USD"}, {"trade_id": 848952128, "side": "buy", "size": "0.04700000", "price": "119895.12000000", "time": "2025-07-14T18:38:44.639998Z", "fetched_at": "2025-07-14T18:39:31.789788+00:00", "symbol": "BTC-USD"}, {"trade_id": 848952127, "side": "buy", "size": "0.02820000", "price": "119897.01000000", "time": "2025-07-14T18:38:44.639998Z", "fetched_at": "2025-07-14T18:39:31.789788+00:00", "symbol": "BTC-USD"}, {"trade_id": 848952126, "side": "buy", "size": "0.00001000", "price": "119899.63000000", "time": "2025-07-14T18:38:44.639998Z", "fetched_at": "2025-07-14T18:39:31.789788+00:00", "symbol": "BTC-USD"}, {"trade_id": 848952125, "side": "buy", "size": "0.03249995", "price": "119901.82000000", "time": "2025-07-14T18:38:44.639998Z", "fetched_at": "2025-07-14T18:39:31.789788+00:00", "symbol": "BTC-USD"}, {"trade_id": 848952124, "side": "buy", "size": "0.00834006", "price": "119903.20000000", "time": "2025-07-14T18:38:44.639998Z", "fetched_at": "2025-07-14T18:39:31.789788+00:00", "symbol": "BTC-USD"}, {"trade_id": 848952123, "side": "buy", "size": "0.04400000", "price": "119904.26000000", "time": "2025-07-14T18:38:44.639998Z", "fetched_at": "2025-07-14T18:39:31.789788+00:00", "symbol": "BTC-USD"}, {"trade_id": 848952122, "side": "buy", "size": "0.00416913", "price": "119904.62000000", "time": "2025-07-14T18:38:44.639998Z", "fetched_at": "2025-07-14T18:39:31.789788+00:00", "symbol": "BTC-USD"}, {"trade_id": 848952121, "side": "buy", "size": "0.03742810", "price": "119905.06000000", "time": "2025-07-14T18:38:44.639998Z", "fetched_at": "2025-07-14T18:39:31.789788+00:00", "symbol": "BTC-USD"}, {"trade_id": 848952120, "side": "buy", "size": "0.06480000", "price": "119905.08000000", "time": "2025-07-14T18:38:44.639998Z", "fetched_at": "2025-07-14T18:39:31.789788+00:00", "symbol": "BTC-USD"}, {"trade_id": 848952119, "side": "buy", "size": "0.00833900", "price": "119905.08000000", "time": "2025-07-14T18:38:44.639998Z", "fetched_at": "2025-07-14T18:39:31.789788+00:00", "symbol": "BTC-USD"}, {"trade_id": 848952118, "side": "buy", "size": "0.12325027", "price": "119905.08000000", "time": "2025-07-14T18:38:44.639998Z", "fetched_at": "2025-07-14T18:39:31.789788+00:00", "symbol": "BTC-USD"}, {"trade_id": 848952117, "side": "buy", "size": "0.01000000", "price": "119905.09000000", "time": "2025-07-14T18:38:44.639998Z", "fetched_at": "2025-07-14T18:39:31.789788+00:00", "symbol": "BTC-USD"}, {"trade_id": 848952116, "side": "sell", "size": "0.00000057", "price": "119915.97000000", "time": "2025-07-14T18:38:44.257017Z", "fetched_at": "2025-07-14T18:39:31.789788+00:00", "symbol": "BTC-USD"}, {"trade_id": 848952115, "side": "sell", "size": "0.00392032", "price": "119915.97000000", "time": "2025-07-14T18:38:43.669632Z", "fetched_at": "2025-07-14T18:39:31.789788+00:00", "symbol": "BTC-USD"}, {"trade_id": 848952114, "side": "sell", "size": "0.00007968", "price": "119915.96000000", "time": "2025-07-14T18:38:43.669632Z", "fetched_at": "2025-07-14T18:39:31.789788+00:00", "symbol": "BTC-USD"}, {"trade_id": 848952113, "side": "sell", "size": "0.00071147", "price": "119915.97000000", "time": "2025-07-14T18:38:43.528176Z", "fetched_at": "2025-07-14T18:39:31.789788+00:00", "symbol": "BTC-USD"}, {"trade_id": 848952112, "side": "sell", "size": "0.00007968", "price": "119915.96000000", "time": "2025-07-14T18:38:43.528176Z", "fetched_at": "2025-07-14T18:39:31.789788+00:00", "symbol": "BTC-USD"}, {"trade_id": 848952111, "side": "sell", "size": "0.00004898", "price": "119915.99000000", "time": "2025-07-14T18:38:42.503304Z", "fetched_at": "2025-07-14T18:39:31.789788+00:00", "symbol": "BTC-USD"}, {"trade_id": 848952110, "side": "sell", "size": "0.00649707", "price": "119911.02000000", "time": "2025-07-14T18:38:42.262042Z", "fetched_at": "2025-07-14T18:39:31.789788+00:00", "symbol": "BTC-USD"}, {"trade_id": 848952109, "side": "sell", "size": "0.00051770", "price": "119908.29000000", "time": "2025-07-14T18:38:42.262042Z", "fetched_at": "2025-07-14T18:39:31.789788+00:00", "symbol": "BTC-USD"}, {"trade_id": 848952108, "side": "sell", "size": "0.00833989", "price": "119905.61000000", "time": "2025-07-14T18:38:42.262042Z", "fetched_at": "2025-07-14T18:39:31.789788+00:00", "symbol": "BTC-USD"}, {"trade_id": 848952107, "side": "sell", "size": "0.00007906", "price": "119905.60000000", "time": "2025-07-14T18:38:42.262042Z", "fetched_at": "2025-07-14T18:39:31.789788+00:00", "symbol": "BTC-USD"}, {"trade_id": 848952106, "side": "sell", "size": "0.00038827", "price": "119903.81000000", "time": "2025-07-14T18:38:42.262042Z", "fetched_at": "2025-07-14T18:39:31.789788+00:00", "symbol": "BTC-USD"}, {"trade_id": 848952105, "side": "buy", "size": "0.00833913", "price": "119916.52000000", "time": "2025-07-14T18:38:42.036415Z", "fetched_at": "2025-07-14T18:39:31.789788+00:00", "symbol": "BTC-USD"}, {"trade_id": 848952104, "side": "buy", "size": "0.05000000", "price": "119918.25000000", "time": "2025-07-14T18:38:42.028522Z", "fetched_at": "2025-07-14T18:39:31.789788+00:00", "symbol": "BTC-USD"}, {"trade_id": 848952103, "side": "buy", "size": "0.00002275", "price": "119918.30000000", "time": "2025-07-14T18:38:42.028522Z", "fetched_at": "2025-07-14T18:39:31.789788+00:00", "symbol": "BTC-USD"}, {"trade_id": 848952102, "side": "buy", "size": "0.02453787", "price": "119918.30000000", "time": "2025-07-14T18:38:42.028522Z", "fetched_at": "2025-07-14T18:39:31.789788+00:00", "symbol": "BTC-USD"}, {"trade_id": 848952101, "side": "buy", "size": "0.00833913", "price": "119918.30000000", "time": "2025-07-14T18:38:42.027060Z", "fetched_at": "2025-07-14T18:39:31.789788+00:00", "symbol": "BTC-USD"}, {"trade_id": 848952100, "side": "buy", "size": "0.01712300", "price": "119918.30000000", "time": "2025-07-14T18:38:42.026583Z", "fetched_at": "2025-07-14T18:39:31.789788+00:00", "symbol": "BTC-USD"}, {"trade_id": 848952099, "side": "sell", "size": "0.00000008", "price": "119918.40000000", "time": "2025-07-14T18:38:40.783167Z", "fetched_at": "2025-07-14T18:39:31.789788+00:00", "symbol": "BTC-USD"}, {"trade_id": 848952098, "side": "sell", "size": "0.00000025", "price": "119918.40000000", "time": "2025-07-14T18:38:40.764277Z", "fetched_at": "2025-07-14T18:39:31.789788+00:00", "symbol": "BTC-USD"}, {"trade_id": 848952097, "side": "sell", "size": "0.00038891", "price": "119921.98000000", "time": "2025-07-14T18:38:40.745646Z", "fetched_at": "2025-07-14T18:39:31.789788+00:00", "symbol": "BTC-USD"}, {"trade_id": 848952096, "side": "sell", "size": "0.00000653", "price": "119920.71000000", "time": "2025-07-14T18:38:40.745646Z", "fetched_at": "2025-07-14T18:39:31.789788+00:00", "symbol": "BTC-USD"}, {"trade_id": 848952095, "side": "sell", "size": "0.00000183", "price": "119920.71000000", "time": "2025-07-14T18:38:40.745646Z", "fetched_at": "2025-07-14T18:39:31.789788+00:00", "symbol": "BTC-USD"}, {"trade_id": 848952094, "side": "sell", "size": "0.00007968", "price": "119918.40000000", "time": "2025-07-14T18:38:40.745646Z", "fetched_at": "2025-07-14T18:39:31.789788+00:00", "symbol": "BTC-USD"}, {"trade_id": 848952093, "side": "sell", "size": "0.00005924", "price": "119920.71000000", "time": "2025-07-14T18:38:39.463189Z", "fetched_at": "2025-07-14T18:39:31.789788+00:00", "symbol": "BTC-USD"}, {"trade_id": 848952092, "side": "sell", "size": "0.00000833", "price": "119917.61000000", "time": "2025-07-14T18:38:39.463189Z", "fetched_at": "2025-07-14T18:39:31.789788+00:00", "symbol": "BTC-USD"}, {"trade_id": 848952091, "side": "sell", "size": "0.00002656", "price": "119917.61000000", "time": "2025-07-14T18:38:39.463189Z", "fetched_at": "2025-07-14T18:39:31.789788+00:00", "symbol": "BTC-USD"}, {"trade_id": 848952090, "side": "sell", "size": "0.00052141", "price": "119920.73000000", "time": "2025-07-14T18:38:39.251681Z", "fetched_at": "2025-07-14T18:39:31.789788+00:00", "symbol": "BTC-USD"}, {"trade_id": 848952089, "side": "sell", "size": "0.00007969", "price": "119920.72000000", "time": "2025-07-14T18:38:39.251681Z", "fetched_at": "2025-07-14T18:39:31.789788+00:00", "symbol": "BTC-USD"}, {"trade_id": 848952088, "side": "sell", "size": "0.00002493", "price": "119919.32000000", "time": "2025-07-14T18:38:39.251681Z", "fetched_at": "2025-07-14T18:39:31.789788+00:00", "symbol": "BTC-USD"}, {"trade_id": 848952087, "side": "sell", "size": "0.00000665", "price": "119918.81000000", "time": "2025-07-14T18:38:39.251681Z", "fetched_at": "2025-07-14T18:39:31.789788+00:00", "symbol": "BTC-USD"}, {"trade_id": 848952086, "side": "sell", "size": "0.00000379", "price": "119917.61000000", "time": "2025-07-14T18:38:39.251681Z", "fetched_at": "2025-07-14T18:39:31.789788+00:00", "symbol": "BTC-USD"}, {"trade_id": 848952085, "side": "sell", "size": "0.00001000", "price": "119917.61000000", "time": "2025-07-14T18:38:39.251681Z", "fetched_at": "2025-07-14T18:39:31.789788+00:00", "symbol": "BTC-USD"}, {"trade_id": 848952084, "side": "buy", "size": "0.00006461", "price": "119917.29000000", "time": "2025-07-14T18:38:38.688053Z", "fetched_at": "2025-07-14T18:39:31.789788+00:00", "symbol": "BTC-USD"}, {"trade_id": 848952083, "side": "sell", "size": "0.00162106", "price": "119916.65000000", "time": "2025-07-14T18:38:38.679340Z", "fetched_at": "2025-07-14T18:39:31.789788+00:00", "symbol": "BTC-USD"}, {"trade_id": 848952082, "side": "sell", "size": "0.00002359", "price": "119916.64000000", "time": "2025-07-14T18:38:38.597704Z", "fetched_at": "2025-07-14T18:39:31.789788+00:00", "symbol": "BTC-USD"}, {"trade_id": 848952081, "side": "sell", "size": "0.01678931", "price": "119915.65000000", "time": "2025-07-14T18:38:38.344773Z", "fetched_at": "2025-07-14T18:39:31.789788+00:00", "symbol": "BTC-USD"}, {"trade_id": 848952080, "side": "sell", "size": "0.01352771", "price": "119913.96000000", "time": "2025-07-14T18:38:38.344773Z", "fetched_at": "2025-07-14T18:39:31.789788+00:00", "symbol": "BTC-USD"}, {"trade_id": 848952079, "side": "sell", "size": "0.00000208", "price": "119911.46000000", "time": "2025-07-14T18:38:38.343788Z", "fetched_at": "2025-07-14T18:39:31.789788+00:00", "symbol": "BTC-USD"}, {"trade_id": 848952078, "side": "sell", "size": "0.03029752", "price": "119910.78000000", "time": "2025-07-14T18:38:38.343788Z", "fetched_at": "2025-07-14T18:39:31.789788+00:00", "symbol": "BTC-USD"}, {"trade_id": 848952077, "side": "sell", "size": "0.01817976", "price": "119910.77000000", "time": "2025-07-14T18:38:38.343788Z", "fetched_at": "2025-07-14T18:39:31.789788+00:00", "symbol": "BTC-USD"}, {"trade_id": 848952076, "side": "sell", "size": "0.00007969", "price": "119910.76000000", "time": "2025-07-14T18:38:38.343788Z", "fetched_at": "2025-07-14T18:39:31.789788+00:00", "symbol": "BTC-USD"}, {"trade_id": 848952075, "side": "sell", "size": "0.00001000", "price": "119908.62000000", "time": "2025-07-14T18:38:38.343788Z", "fetched_at": "2025-07-14T18:39:31.789788+00:00", "symbol": "BTC-USD"}, {"trade_id": 848952074, "side": "sell", "size": "0.00834022", "price": "119900.92000000", "time": "2025-07-14T18:38:38.342614Z", "fetched_at": "2025-07-14T18:39:31.789788+00:00", "symbol": "BTC-USD"}, {"trade_id": 848952073, "side": "sell", "size": "0.00001034", "price": "119899.13000000", "time": "2025-07-14T18:38:38.332297Z", "fetched_at": "2025-07-14T18:39:31.789788+00:00", "symbol": "BTC-USD"}, {"trade_id": 848952072, "side": "sell", "size": "0.10814453", "price": "119899.13000000", "time": "2025-07-14T18:38:38.332297Z", "fetched_at": "2025-07-14T18:39:31.789788+00:00", "symbol": "BTC-USD"}, {"trade_id": 848952071, "side": "sell", "size": "0.00055089", "price": "119899.13000000", "time": "2025-07-14T18:38:37.598440Z", "fetched_at": "2025-07-14T18:39:31.789788+00:00", "symbol": "BTC-USD"}, {"trade_id": 848952070, "side": "sell", "size": "0.00002067", "price": "119899.13000000", "time": "2025-07-14T18:38:37.598440Z", "fetched_at": "2025-07-14T18:39:31.789788+00:00", "symbol": "BTC-USD"}, {"trade_id": 848952069, "side": "sell", "size": "0.00820411", "price": "119899.99000000", "time": "2025-07-14T18:38:36.494789Z", "fetched_at": "2025-07-14T18:39:31.789788+00:00", "symbol": "BTC-USD"}, {"trade_id": 848952068, "side": "sell", "size": "0.01000000", "price": "119899.98000000", "time": "2025-07-14T18:38:36.494789Z", "fetched_at": "2025-07-14T18:39:31.789788+00:00", "symbol": "BTC-USD"}, {"trade_id": 848952067, "side": "sell", "size": "0.00007969", "price": "119899.97000000", "time": "2025-07-14T18:38:36.494789Z", "fetched_at": "2025-07-14T18:39:31.789788+00:00", "symbol": "BTC-USD"}, {"trade_id": 848952066, "side": "sell", "size": "0.00001033", "price": "119899.14000000", "time": "2025-07-14T18:38:36.494789Z", "fetched_at": "2025-07-14T18:39:31.789788+00:00", "symbol": "BTC-USD"}, {"trade_id": 848952065, "side": "sell", "size": "0.00602082", "price": "119899.13000000", "time": "2025-07-14T18:38:36.494789Z", "fetched_at": "2025-07-14T18:39:31.789788+00:00", "symbol": "BTC-USD"}, {"trade_id": 848952064, "side": "buy", "size": "0.00001685", "price": "119895.04000000", "time": "2025-07-14T18:38:35.676559Z", "fetched_at": "2025-07-14T18:39:31.789788+00:00", "symbol": "BTC-USD"}, {"trade_id": 848952063, "side": "sell", "size": "0.00071142", "price": "119896.96000000", "time": "2025-07-14T18:38:35.495887Z", "fetched_at": "2025-07-14T18:39:31.789788+00:00", "symbol": "BTC-USD"}, {"trade_id": 848952062, "side": "sell", "size": "0.00007969", "price": "119896.96000000", "time": "2025-07-14T18:38:35.495887Z", "fetched_at": "2025-07-14T18:39:31.789788+00:00", "symbol": "BTC-USD"}, {"trade_id": 848952061, "side": "sell", "size": "0.00018957", "price": "119896.96000000", "time": "2025-07-14T18:38:35.471273Z", "fetched_at": "2025-07-14T18:39:31.789788+00:00", "symbol": "BTC-USD"}, {"trade_id": 848952060, "side": "sell", "size": "0.00003951", "price": "119896.95000000", "time": "2025-07-14T18:38:35.471273Z", "fetched_at": "2025-07-14T18:39:31.789788+00:00", "symbol": "BTC-USD"}, {"trade_id": 848952059, "side": "sell", "size": "0.00004019", "price": "119896.95000000", "time": "2025-07-14T18:38:35.449969Z", "fetched_at": "2025-07-14T18:39:31.789788+00:00", "symbol": "BTC-USD"}, {"trade_id": 848952058, "side": "buy", "size": "0.01116691", "price": "119885.99000000", "time": "2025-07-14T18:38:35.166242Z", "fetched_at": "2025-07-14T18:39:31.789788+00:00", "symbol": "BTC-USD"}, {"trade_id": 848952057, "side": "buy", "size": "0.01000000", "price": "119886.00000000", "time": "2025-07-14T18:38:35.166242Z", "fetched_at": "2025-07-14T18:39:31.789788+00:00", "symbol": "BTC-USD"}, {"trade_id": 848952056, "side": "buy", "size": "0.00000717", "price": "119887.89000000", "time": "2025-07-14T18:38:35.166242Z", "fetched_at": "2025-07-14T18:39:31.789788+00:00", "symbol": "BTC-USD"}, {"trade_id": 848952055, "side": "buy", "size": "0.00000266", "price": "119887.89000000", "time": "2025-07-14T18:38:35.166242Z", "fetched_at": "2025-07-14T18:39:31.789788+00:00", "symbol": "BTC-USD"}, {"trade_id": 848952054, "side": "buy", "size": "0.00834093", "price": "119890.72000000", "time": "2025-07-14T18:38:35.166242Z", "fetched_at": "2025-07-14T18:39:31.789788+00:00", "symbol": "BTC-USD"}, {"trade_id": 848952053, "side": "buy", "size": "0.00815633", "price": "119892.52000000", "time": "2025-07-14T18:38:35.166242Z", "fetched_at": "2025-07-14T18:39:31.789788+00:00", "symbol": "BTC-USD"}, {"trade_id": 848952052, "side": "sell", "size": "0.00003658", "price": "119896.94000000", "time": "2025-07-14T18:38:35.034385Z", "fetched_at": "2025-07-14T18:39:31.789788+00:00", "symbol": "BTC-USD"}, {"trade_id": 848952051, "side": "buy", "size": "0.00018447", "price": "119892.52000000", "time": "2025-07-14T18:38:33.116858Z", "fetched_at": "2025-07-14T18:39:31.789788+00:00", "symbol": "BTC-USD"}, {"trade_id": 848952050, "side": "sell", "size": "0.00029625", "price": "119894.98000000", "time": "2025-07-14T18:38:32.747774Z", "fetched_at": "2025-07-14T18:39:31.789788+00:00", "symbol": "BTC-USD"}, {"trade_id": 848952049, "side": "sell", "size": "0.08756422", "price": "119894.99000000", "time": "2025-07-14T18:38:30.905102Z", "fetched_at": "2025-07-14T18:39:31.789788+00:00", "symbol": "BTC-USD"}, {"trade_id": 848952048, "side": "sell", "size": "0.05919754", "price": "119894.99000000", "time": "2025-07-14T18:38:30.905102Z", "fetched_at": "2025-07-14T18:39:31.789788+00:00", "symbol": "BTC-USD"}, {"trade_id": 848952047, "side": "sell", "size": "0.00007970", "price": "119894.98000000", "time": "2025-07-14T18:38:30.905102Z", "fetched_at": "2025-07-14T18:39:31.789788+00:00", "symbol": "BTC-USD"}, {"trade_id": 848952046, "side": "sell", "size": "0.00834078", "price": "119892.91000000", "time": "2025-07-14T18:38:30.905102Z", "fetched_at": "2025-07-14T18:39:31.789788+00:00", "symbol": "BTC-USD"}, {"trade_id": 848952045, "side": "sell", "size": "0.11873733", "price": "119891.27000000", "time": "2025-07-14T18:38:30.905102Z", "fetched_at": "2025-07-14T18:39:31.789788+00:00", "symbol": "BTC-USD"}, {"trade_id": 848952044, "side": "sell", "size": "0.04168025", "price": "119891.11000000", "time": "2025-07-14T18:38:30.905102Z", "fetched_at": "2025-07-14T18:39:31.789788+00:00", "symbol": "BTC-USD"}, {"trade_id": 848952043, "side": "sell", "size": "0.03072588", "price": "119891.11000000", "time": "2025-07-14T18:38:30.905102Z", "fetched_at": "2025-07-14T18:39:31.789788+00:00", "symbol": "BTC-USD"}, {"trade_id": 848952042, "side": "sell", "size": "0.01000000", "price": "119891.10000000", "time": "2025-07-14T18:38:30.905102Z", "fetched_at": "2025-07-14T18:39:31.789788+00:00", "symbol": "BTC-USD"}, {"trade_id": 848952041, "side": "sell", "size": "0.04051652", "price": "119891.11000000", "time": "2025-07-14T18:38:30.721293Z", "fetched_at": "2025-07-14T18:39:31.789788+00:00", "symbol": "BTC-USD"}, {"trade_id": 848952040, "side": "buy", "size": "0.00047067", "price": "119885.98000000", "time": "2025-07-14T18:38:29.914604Z", "fetched_at": "2025-07-14T18:39:31.789788+00:00", "symbol": "BTC-USD"}, {"trade_id": 848952039, "side": "buy", "size": "0.00000195", "price": "119886.22000000", "time": "2025-07-14T18:38:29.914604Z", "fetched_at": "2025-07-14T18:39:31.789788+00:00", "symbol": "BTC-USD"}, {"trade_id": 848952038, "side": "buy", "size": "0.00000075", "price": "119893.06000000", "time": "2025-07-14T18:38:29.914604Z", "fetched_at": "2025-07-14T18:39:31.789788+00:00", "symbol": "BTC-USD"}, {"trade_id": 848952037, "side": "buy", "size": "0.00000308", "price": "119893.06000000", "time": "2025-07-14T18:38:29.914604Z", "fetched_at": "2025-07-14T18:39:31.789788+00:00", "symbol": "BTC-USD"}, {"trade_id": 848952036, "side": "sell", "size": "0.00016187", "price": "119896.73000000", "time": "2025-07-14T18:38:28.893902Z", "fetched_at": "2025-07-14T18:39:31.789788+00:00", "symbol": "BTC-USD"}, {"trade_id": 848952035, "side": "sell", "size": "0.00810501", "price": "119896.73000000", "time": "2025-07-14T18:38:28.778008Z", "fetched_at": "2025-07-14T18:39:31.789788+00:00", "symbol": "BTC-USD"}, {"trade_id": 848952034, "side": "sell", "size": "0.00081050", "price": "119896.73000000", "time": "2025-07-14T18:38:28.413196Z", "fetched_at": "2025-07-14T18:39:31.789788+00:00", "symbol": "BTC-USD"}, {"trade_id": 848952033, "side": "buy", "size": "0.00001685", "price": "119899.13000000", "time": "2025-07-14T18:38:27.814180Z", "fetched_at": "2025-07-14T18:39:31.789788+00:00", "symbol": "BTC-USD"}, {"trade_id": 848952032, "side": "sell", "size": "0.00000900", "price": "119896.73000000", "time": "2025-07-14T18:38:27.352123Z", "fetched_at": "2025-07-14T18:39:31.789788+00:00", "symbol": "BTC-USD"}, {"trade_id": 848952031, "side": "sell", "size": "0.00002000", "price": "119896.73000000", "time": "2025-07-14T18:38:27.352123Z", "fetched_at": "2025-07-14T18:39:31.789788+00:00", "symbol": "BTC-USD"}, {"trade_id": 848952030, "side": "buy", "size": "0.00010075", "price": "119896.72000000", "time": "2025-07-14T18:38:27.171059Z", "fetched_at": "2025-07-14T18:39:31.789788+00:00", "symbol": "BTC-USD"}, {"trade_id": 848952029, "side": "sell", "size": "0.00035660", "price": "119896.72000000", "time": "2025-07-14T18:38:27.086362Z", "fetched_at": "2025-07-14T18:39:31.789788+00:00", "symbol": "BTC-USD"}, {"trade_id": 848952028, "side": "sell", "size": "0.00019751", "price": "119896.72000000", "time": "2025-07-14T18:38:26.006694Z", "fetched_at": "2025-07-14T18:39:31.789788+00:00", "symbol": "BTC-USD"}, {"trade_id": 848952027, "side": "buy", "size": "0.00012420", "price": "119896.71000000", "time": "2025-07-14T18:38:25.694011Z", "fetched_at": "2025-07-14T18:39:31.789788+00:00", "symbol": "BTC-USD"}, {"trade_id": 848952026, "side": "buy", "size": "0.00000216", "price": "119896.71000000", "time": "2025-07-14T18:38:25.694011Z", "fetched_at": "2025-07-14T18:39:31.789788+00:00", "symbol": "BTC-USD"}, {"trade_id": 848952025, "side": "sell", "size": "0.00074172", "price": "119896.72000000", "time": "2025-07-14T18:38:25.281647Z", "fetched_at": "2025-07-14T18:39:31.789788+00:00", "symbol": "BTC-USD"}, {"trade_id": 848952024, "side": "sell", "size": "0.00001659", "price": "119899.02000000", "time": "2025-07-14T18:38:22.585917Z", "fetched_at": "2025-07-14T18:39:31.789788+00:00", "symbol": "BTC-USD"}, {"trade_id": 848952023, "side": "buy", "size": "0.00622982", "price": "119895.13000000", "time": "2025-07-14T18:38:22.557071Z", "fetched_at": "2025-07-14T18:39:31.789788+00:00", "symbol": "BTC-USD"}, {"trade_id": 848952022, "side": "buy", "size": "0.00002275", "price": "119896.24000000", "time": "2025-07-14T18:38:22.557071Z", "fetched_at": "2025-07-14T18:39:31.789788+00:00", "symbol": "BTC-USD"}, {"trade_id": 848952021, "side": "buy", "size": "0.00834054", "price": "119896.24000000", "time": "2025-07-14T18:38:22.557071Z", "fetched_at": "2025-07-14T18:39:31.789788+00:00", "symbol": "BTC-USD"}, {"trade_id": 848952020, "side": "buy", "size": "0.00084882", "price": "119897.33000000", "time": "2025-07-14T18:38:22.056415Z", "fetched_at": "2025-07-14T18:39:31.789788+00:00", "symbol": "BTC-USD"}, {"trade_id": 848952019, "side": "buy", "size": "0.00031553", "price": "119899.13000000", "time": "2025-07-14T18:38:22.056415Z", "fetched_at": "2025-07-14T18:39:31.789788+00:00", "symbol": "BTC-USD"}, {"trade_id": 848952018, "side": "sell", "size": "0.02025997", "price": "119899.14000000", "time": "2025-07-14T18:38:21.012952Z", "fetched_at": "2025-07-14T18:39:31.789788+00:00", "symbol": "BTC-USD"}, {"trade_id": 848952017, "side": "sell", "size": "0.00000531", "price": "119899.14000000", "time": "2025-07-14T18:38:20.757147Z", "fetched_at": "2025-07-14T18:39:31.789788+00:00", "symbol": "BTC-USD"}, {"trade_id": 848952016, "side": "sell", "size": "0.00010938", "price": "119899.14000000", "time": "2025-07-14T18:38:19.706074Z", "fetched_at": "2025-07-14T18:39:31.789788+00:00", "symbol": "BTC-USD"}, {"trade_id": 848952015, "side": "sell", "size": "0.00035065", "price": "119899.14000000", "time": "2025-07-14T18:38:19.312101Z", "fetched_at": "2025-07-14T18:39:31.789788+00:00", "symbol": "BTC-USD"}, {"trade_id": 848952014, "side": "sell", "size": "0.00001034", "price": "119899.14000000", "time": "2025-07-14T18:38:19.312101Z", "fetched_at": "2025-07-14T18:39:31.789788+00:00", "symbol": "BTC-USD"}, {"trade_id": 848952013, "side": "sell", "size": "0.00001048", "price": "119899.13000000", "time": "2025-07-14T18:38:17.635909Z", "fetched_at": "2025-07-14T18:39:31.789788+00:00", "symbol": "BTC-USD"}, {"trade_id": 848952012, "side": "sell", "size": "0.00405245", "price": "119899.13000000", "time": "2025-07-14T18:38:17.603623Z", "fetched_at": "2025-07-14T18:39:31.789788+00:00", "symbol": "BTC-USD"}, {"trade_id": 848952011, "side": "buy", "size": "0.00259922", "price": "119893.06000000", "time": "2025-07-14T18:38:17.233462Z", "fetched_at": "2025-07-14T18:39:31.789788+00:00", "symbol": "BTC-USD"}, {"trade_id": 848952010, "side": "buy", "size": "0.00000692", "price": "119894.24000000", "time": "2025-07-14T18:38:17.233462Z", "fetched_at": "2025-07-14T18:39:31.789788+00:00", "symbol": "BTC-USD"}, {"trade_id": 848952009, "side": "buy", "size": "0.00000233", "price": "119894.24000000", "time": "2025-07-14T18:38:17.233462Z", "fetched_at": "2025-07-14T18:39:31.789788+00:00", "symbol": "BTC-USD"}, {"trade_id": 848952008, "side": "buy", "size": "0.00834068", "price": "119894.24000000", "time": "2025-07-14T18:38:17.233462Z", "fetched_at": "2025-07-14T18:39:31.789788+00:00", "symbol": "BTC-USD"}, {"trade_id": 848952007, "side": "sell", "size": "0.00264928", "price": "119899.14000000", "time": "2025-07-14T18:38:16.773274Z", "fetched_at": "2025-07-14T18:39:31.789788+00:00", "symbol": "BTC-USD"}, {"trade_id": 848952006, "side": "sell", "size": "0.00000044", "price": "119899.14000000", "time": "2025-07-14T18:38:16.720268Z", "fetched_at": "2025-07-14T18:39:31.789788+00:00", "symbol": "BTC-USD"}, {"trade_id": 848952005, "side": "sell", "size": "0.00004128", "price": "119899.14000000", "time": "2025-07-14T18:38:16.474315Z", "fetched_at": "2025-07-14T18:39:31.789788+00:00", "symbol": "BTC-USD"}, {"trade_id": 848952004, "side": "sell", "size": "0.00834122", "price": "119886.53000000", "time": "2025-07-14T18:38:16.265145Z", "fetched_at": "2025-07-14T18:39:31.789788+00:00", "symbol": "BTC-USD"}, {"trade_id": 848952003, "side": "sell", "size": "0.05335915", "price": "119884.75000000", "time": "2025-07-14T18:38:16.260028Z", "fetched_at": "2025-07-14T18:39:31.789788+00:00", "symbol": "BTC-USD"}, {"trade_id": 848952002, "side": "sell", "size": "0.08651331", "price": "119884.75000000", "time": "2025-07-14T18:38:16.259258Z", "fetched_at": "2025-07-14T18:39:31.789788+00:00", "symbol": "BTC-USD"}, {"trade_id": 848952001, "side": "sell", "size": "0.00009800", "price": "119884.75000000", "time": "2025-07-14T18:38:16.259258Z", "fetched_at": "2025-07-14T18:39:31.789788+00:00", "symbol": "BTC-USD"}, {"trade_id": 848952000, "side": "sell", "size": "0.00007969", "price": "119884.74000000", "time": "2025-07-14T18:38:16.259258Z", "fetched_at": "2025-07-14T18:39:31.789788+00:00", "symbol": "BTC-USD"}, {"trade_id": 848951999, "side": "buy", "size": "0.00108660", "price": "119875.66000000", "time": "2025-07-14T18:38:15.595698Z", "fetched_at": "2025-07-14T18:39:31.789788+00:00", "symbol": "BTC-USD"}, {"trade_id": 848951998, "side": "buy", "size": "0.00001000", "price": "119881.65000000", "time": "2025-07-14T18:38:15.595698Z", "fetched_at": "2025-07-14T18:39:31.789788+00:00", "symbol": "BTC-USD"}, {"trade_id": 848951997, "side": "buy", "size": "0.00001000", "price": "119890.64000000", "time": "2025-07-14T18:38:15.595698Z", "fetched_at": "2025-07-14T18:39:31.789788+00:00", "symbol": "BTC-USD"}, {"trade_id": 848951996, "side": "buy", "size": "0.00000400", "price": "119892.69000000", "time": "2025-07-14T18:38:15.595698Z", "fetched_at": "2025-07-14T18:39:31.789788+00:00", "symbol": "BTC-USD"}, {"trade_id": 848951995, "side": "buy", "size": "0.04400000", "price": "119894.55000000", "time": "2025-07-14T18:38:15.480703Z", "fetched_at": "2025-07-14T18:39:31.789788+00:00", "symbol": "BTC-USD"}, {"trade_id": 848951994, "side": "buy", "size": "0.00000175", "price": "119898.96000000", "time": "2025-07-14T18:38:15.462063Z", "fetched_at": "2025-07-14T18:39:31.789788+00:00", "symbol": "BTC-USD"}, {"trade_id": 848951993, "side": "buy", "size": "0.00001000", "price": "119899.63000000", "time": "2025-07-14T18:38:15.462063Z", "fetched_at": "2025-07-14T18:39:31.789788+00:00", "symbol": "BTC-USD"}, {"trade_id": 848951992, "side": "sell", "size": "0.00079109", "price": "119899.64000000", "time": "2025-07-14T18:38:15.362331Z", "fetched_at": "2025-07-14T18:39:31.789788+00:00", "symbol": "BTC-USD"}, {"trade_id": 848951991, "side": "buy", "size": "0.03372292", "price": "119903.69000000", "time": "2025-07-14T18:38:15.263963Z", "fetched_at": "2025-07-14T18:39:31.789788+00:00", "symbol": "BTC-USD"}, {"trade_id": 848951990, "side": "sell", "size": "0.00079126", "price": "119903.70000000", "time": "2025-07-14T18:38:15.153650Z", "fetched_at": "2025-07-14T18:39:31.789788+00:00", "symbol": "BTC-USD"}, {"trade_id": 848951989, "side": "buy", "size": "0.03265110", "price": "119911.45000000", "time": "2025-07-14T18:38:15.070881Z", "fetched_at": "2025-07-14T18:39:31.789788+00:00", "symbol": "BTC-USD"}, {"trade_id": 848951988, "side": "sell", "size": "0.00300000", "price": "119916.16000000", "time": "2025-07-14T18:38:14.901100Z", "fetched_at": "2025-07-14T18:39:31.789788+00:00", "symbol": "BTC-USD"}, {"trade_id": 848951987, "side": "sell", "size": "0.00000734", "price": "119918.81000000", "time": "2025-07-14T18:38:14.564485Z", "fetched_at": "2025-07-14T18:39:31.789788+00:00", "symbol": "BTC-USD"}, {"trade_id": 848951986, "side": "sell", "size": "0.00074591", "price": "119923.53000000", "time": "2025-07-14T18:38:14.349726Z", "fetched_at": "2025-07-14T18:39:31.789788+00:00", "symbol": "BTC-USD"}, {"trade_id": 848951985, "side": "sell", "size": "0.00007968", "price": "119918.81000000", "time": "2025-07-14T18:38:14.349726Z", "fetched_at": "2025-07-14T18:39:31.789788+00:00", "symbol": "BTC-USD"}, {"trade_id": 848951984, "side": "sell", "size": "0.00097489", "price": "119927.14000000", "time": "2025-07-14T18:38:14.041487Z", "fetched_at": "2025-07-14T18:39:31.789788+00:00", "symbol": "BTC-USD"}, {"trade_id": 848951983, "side": "sell", "size": "0.00007968", "price": "119927.13000000", "time": "2025-07-14T18:38:14.041487Z", "fetched_at": "2025-07-14T18:39:31.789788+00:00", "symbol": "BTC-USD"}, {"trade_id": 848951982, "side": "sell", "size": "0.00011600", "price": "119923.56000000", "time": "2025-07-14T18:38:14.041487Z", "fetched_at": "2025-07-14T18:39:31.789788+00:00", "symbol": "BTC-USD"}, {"trade_id": 848951981, "side": "sell", "size": "0.00001602", "price": "119923.54000000", "time": "2025-07-14T18:38:14.041487Z", "fetched_at": "2025-07-14T18:39:31.789788+00:00", "symbol": "BTC-USD"}, {"trade_id": 848951980, "side": "buy", "size": "0.00882028", "price": "119911.72000000", "time": "2025-07-14T18:38:13.833516Z", "fetched_at": "2025-07-14T18:39:31.789788+00:00", "symbol": "BTC-USD"}, {"trade_id": 848951979, "side": "buy", "size": "0.00802697", "price": "119911.72000000", "time": "2025-07-14T18:38:13.833516Z", "fetched_at": "2025-07-14T18:39:31.789788+00:00", "symbol": "BTC-USD"}, {"trade_id": 848951978, "side": "buy", "size": "0.00010094", "price": "119915.42000000", "time": "2025-07-14T18:38:13.302229Z", "fetched_at": "2025-07-14T18:39:31.789788+00:00", "symbol": "BTC-USD"}, {"trade_id": 848951977, "side": "sell", "size": "0.00802697", "price": "119923.17000000", "time": "2025-07-14T18:38:13.289497Z", "fetched_at": "2025-07-14T18:39:31.789788+00:00", "symbol": "BTC-USD"}, {"trade_id": 848951976, "side": "sell", "size": "0.00007968", "price": "119923.16000000", "time": "2025-07-14T18:38:13.289497Z", "fetched_at": "2025-07-14T18:39:31.789788+00:00", "symbol": "BTC-USD"}, {"trade_id": 848951975, "side": "sell", "size": "0.00000946", "price": "119915.68000000", "time": "2025-07-14T18:38:12.285331Z", "fetched_at": "2025-07-14T18:39:31.789788+00:00", "symbol": "BTC-USD"}, {"trade_id": 848951974, "side": "sell", "size": "0.00004422", "price": "119923.12000000", "time": "2025-07-14T18:38:12.182558Z", "fetched_at": "2025-07-14T18:39:31.789788+00:00", "symbol": "BTC-USD"}, {"trade_id": 848951973, "side": "sell", "size": "0.00007968", "price": "119915.68000000", "time": "2025-07-14T18:38:12.182558Z", "fetched_at": "2025-07-14T18:39:31.789788+00:00", "symbol": "BTC-USD"}, {"trade_id": 848951972, "side": "sell", "size": "0.00001296", "price": "119918.83000000", "time": "2025-07-14T18:38:11.443447Z", "fetched_at": "2025-07-14T18:39:31.789788+00:00", "symbol": "BTC-USD"}, {"trade_id": 848951971, "side": "sell", "size": "0.00000769", "price": "119917.96000000", "time": "2025-07-14T18:38:11.443447Z", "fetched_at": "2025-07-14T18:39:31.789788+00:00", "symbol": "BTC-USD"}, {"trade_id": 848951970, "side": "sell", "size": "0.00000266", "price": "119917.95000000", "time": "2025-07-14T18:38:11.443447Z", "fetched_at": "2025-07-14T18:39:31.789788+00:00", "symbol": "BTC-USD"}, {"trade_id": 848951969, "side": "sell", "size": "0.00035900", "price": "119917.04000000", "time": "2025-07-14T18:38:11.443447Z", "fetched_at": "2025-07-14T18:39:31.789788+00:00", "symbol": "BTC-USD"}, {"trade_id": 848951968, "side": "buy", "size": "0.00008427", "price": "119913.00000000", "time": "2025-07-14T18:38:10.875368Z", "fetched_at": "2025-07-14T18:39:31.789788+00:00", "symbol": "BTC-USD"}, {"trade_id": 848951967, "side": "buy", "size": "0.01808288", "price": "119903.71000000", "time": "2025-07-14T18:38:10.720818Z", "fetched_at": "2025-07-14T18:39:31.789788+00:00", "symbol": "BTC-USD"}, {"trade_id": 848951966, "side": "buy", "size": "0.00349168", "price": "119906.86000000", "time": "2025-07-14T18:38:10.720818Z", "fetched_at": "2025-07-14T18:39:31.789788+00:00", "symbol": "BTC-USD"}, {"trade_id": 848951965, "side": "buy", "size": "0.00833923", "price": "119915.21000000", "time": "2025-07-14T18:38:10.720818Z", "fetched_at": "2025-07-14T18:39:31.789788+00:00", "symbol": "BTC-USD"}, {"trade_id": 848951964, "side": "buy", "size": "0.00574752", "price": "119917.01000000", "time": "2025-07-14T18:38:10.720818Z", "fetched_at": "2025-07-14T18:39:31.789788+00:00", "symbol": "BTC-USD"}, {"trade_id": 848951963, "side": "buy", "size": "0.00599959", "price": "119917.01000000", "time": "2025-07-14T18:38:10.720818Z", "fetched_at": "2025-07-14T18:39:31.789788+00:00", "symbol": "BTC-USD"}, {"trade_id": 848951962, "side": "buy", "size": "0.00833910", "price": "119917.01000000", "time": "2025-07-14T18:38:10.720818Z", "fetched_at": "2025-07-14T18:39:31.789788+00:00", "symbol": "BTC-USD"}, {"trade_id": 848951961, "side": "sell", "size": "0.00140085", "price": "119917.94000000", "time": "2025-07-14T18:38:10.218748Z", "fetched_at": "2025-07-14T18:39:31.789788+00:00", "symbol": "BTC-USD"}, {"trade_id": 848951960, "side": "sell", "size": "0.00007968", "price": "119917.93000000", "time": "2025-07-14T18:38:10.218748Z", "fetched_at": "2025-07-14T18:39:31.789788+00:00", "symbol": "BTC-USD"}, {"trade_id": 848951959, "side": "sell", "size": "0.01464147", "price": "119913.98000000", "time": "2025-07-14T18:38:09.265521Z", "fetched_at": "2025-07-14T18:39:31.789788+00:00", "symbol": "BTC-USD"}, {"trade_id": 848951958, "side": "sell", "size": "0.00000200", "price": "119913.80000000", "time": "2025-07-14T18:38:09.265521Z", "fetched_at": "2025-07-14T18:39:31.789788+00:00", "symbol": "BTC-USD"}, {"trade_id": 848951957, "side": "sell", "size": "0.00025000", "price": "119913.77000000", "time": "2025-07-14T18:38:09.265521Z", "fetched_at": "2025-07-14T18:39:31.789788+00:00", "symbol": "BTC-USD"}, {"trade_id": 848951956, "side": "sell", "size": "0.00308545", "price": "119913.75000000", "time": "2025-07-14T18:38:09.265521Z", "fetched_at": "2025-07-14T18:39:31.789788+00:00", "symbol": "BTC-USD"}, {"trade_id": 848951955, "side": "sell", "size": "0.00632022", "price": "119913.69000000", "time": "2025-07-14T18:38:09.265521Z", "fetched_at": "2025-07-14T18:39:31.789788+00:00", "symbol": "BTC-USD"}, {"trade_id": 848951954, "side": "sell", "size": "0.00002416", "price": "119913.68000000", "time": "2025-07-14T18:38:09.265521Z", "fetched_at": "2025-07-14T18:39:31.789788+00:00", "symbol": "BTC-USD"}, {"trade_id": 848951953, "side": "buy", "size": "0.00004279", "price": "119905.41000000", "time": "2025-07-14T18:38:09.103636Z", "fetched_at": "2025-07-14T18:39:31.789788+00:00", "symbol": "BTC-USD"}, {"trade_id": 848951952, "side": "sell", "size": "0.00012445", "price": "119902.63000000", "time": "2025-07-14T18:38:07.440595Z", "fetched_at": "2025-07-14T18:39:31.789788+00:00", "symbol": "BTC-USD"}, {"trade_id": 848951951, "side": "sell", "size": "0.00821565", "price": "119902.63000000", "time": "2025-07-14T18:38:07.434041Z", "fetched_at": "2025-07-14T18:39:31.789788+00:00", "symbol": "BTC-USD"}, {"trade_id": 848951950, "side": "sell", "size": "0.00034500", "price": "119900.85000000", "time": "2025-07-14T18:38:07.429568Z", "fetched_at": "2025-07-14T18:39:31.789788+00:00", "symbol": "BTC-USD"}, {"trade_id": 848951949, "side": "sell", "size": "0.00235400", "price": "119900.85000000", "time": "2025-07-14T18:38:07.429568Z", "fetched_at": "2025-07-14T18:39:31.789788+00:00", "symbol": "BTC-USD"}, {"trade_id": 848951948, "side": "sell", "size": "0.05159653", "price": "119900.83000000", "time": "2025-07-14T18:38:07.429568Z", "fetched_at": "2025-07-14T18:39:31.789788+00:00", "symbol": "BTC-USD"}, {"trade_id": 848951947, "side": "sell", "size": "0.00281578", "price": "119900.83000000", "time": "2025-07-14T18:38:07.427086Z", "fetched_at": "2025-07-14T18:39:31.789788+00:00", "symbol": "BTC-USD"}, {"trade_id": 848951946, "side": "sell", "size": "0.09444820", "price": "119900.83000000", "time": "2025-07-14T18:38:07.423183Z", "fetched_at": "2025-07-14T18:39:31.789788+00:00", "symbol": "BTC-USD"}, {"trade_id": 848951945, "side": "buy", "size": "0.00008340", "price": "119900.82000000", "time": "2025-07-14T18:38:07.312461Z", "fetched_at": "2025-07-14T18:39:31.789788+00:00", "symbol": "BTC-USD"}, {"trade_id": 848951944, "side": "buy", "size": "0.01541100", "price": "119900.82000000", "time": "2025-07-14T18:38:07.249862Z", "fetched_at": "2025-07-14T18:39:31.789788+00:00", "symbol": "BTC-USD"}, {"trade_id": 848951943, "side": "buy", "size": "0.00758900", "price": "119900.82000000", "time": "2025-07-14T18:38:07.249862Z", "fetched_at": "2025-07-14T18:39:31.789788+00:00", "symbol": "BTC-USD"}, {"trade_id": 848951942, "side": "sell", "size": "0.00072863", "price": "119900.83000000", "time": "2025-07-14T18:38:07.032708Z", "fetched_at": "2025-07-14T18:39:31.789788+00:00", "symbol": "BTC-USD"}, {"trade_id": 848951941, "side": "buy", "size": "0.06182825", "price": "119900.82000000", "time": "2025-07-14T18:38:06.904410Z", "fetched_at": "2025-07-14T18:39:31.789788+00:00", "symbol": "BTC-USD"}, {"trade_id": 848951940, "side": "buy", "size": "0.00963000", "price": "119900.82000000", "time": "2025-07-14T18:38:06.904410Z", "fetched_at": "2025-07-14T18:39:31.789788+00:00", "symbol": "BTC-USD"}, {"trade_id": 848951939, "side": "buy", "size": "0.00000939", "price": "119900.82000000", "time": "2025-07-14T18:38:06.904410Z", "fetched_at": "2025-07-14T18:39:31.789788+00:00", "symbol": "BTC-USD"}, {"trade_id": 848951938, "side": "buy", "size": "0.04059408", "price": "119900.82000000", "time": "2025-07-14T18:38:06.904410Z", "fetched_at": "2025-07-14T18:39:31.789788+00:00", "symbol": "BTC-USD"}, {"trade_id": 848951937, "side": "buy", "size": "0.03254397", "price": "119900.82000000", "time": "2025-07-14T18:38:06.904410Z", "fetched_at": "2025-07-14T18:39:31.789788+00:00", "symbol": "BTC-USD"}, {"trade_id": 848951936, "side": "buy", "size": "0.02391084", "price": "119900.82000000", "time": "2025-07-14T18:38:06.904410Z", "fetched_at": "2025-07-14T18:39:31.789788+00:00", "symbol": "BTC-USD"}, {"trade_id": 848951935, "side": "sell", "size": "0.00082559", "price": "119900.83000000", "time": "2025-07-14T18:38:06.256743Z", "fetched_at": "2025-07-14T18:39:31.789788+00:00", "symbol": "BTC-USD"}, {"trade_id": 848951934, "side": "sell", "size": "0.00008258", "price": "119900.83000000", "time": "2025-07-14T18:38:05.940505Z", "fetched_at": "2025-07-14T18:39:31.789788+00:00", "symbol": "BTC-USD"}, {"trade_id": 848951933, "side": "sell", "size": "0.00035322", "price": "119900.83000000", "time": "2025-07-14T18:38:05.430220Z", "fetched_at": "2025-07-14T18:39:31.789788+00:00", "symbol": "BTC-USD"}, {"trade_id": 848951932, "side": "sell", "size": "0.00003955", "price": "119900.83000000", "time": "2025-07-14T18:38:05.356676Z", "fetched_at": "2025-07-14T18:39:31.789788+00:00", "symbol": "BTC-USD"}, {"trade_id": 848951931, "side": "sell", "size": "0.00004198", "price": "119900.83000000", "time": "2025-07-14T18:38:04.686377Z", "fetched_at": "2025-07-14T18:39:31.789788+00:00", "symbol": "BTC-USD"}, {"trade_id": 848951930, "side": "sell", "size": "0.00008550", "price": "119900.83000000", "time": "2025-07-14T18:38:04.392236Z", "fetched_at": "2025-07-14T18:39:31.789788+00:00", "symbol": "BTC-USD"}, {"trade_id": 848951929, "side": "buy", "size": "0.00001083", "price": "119901.25000000", "time": "2025-07-14T18:38:04.161903Z", "fetched_at": "2025-07-14T18:39:31.789788+00:00", "symbol": "BTC-USD"}, {"trade_id": 848951928, "side": "sell", "size": "0.02296261", "price": "119913.36000000", "time": "2025-07-14T18:38:04.156638Z", "fetched_at": "2025-07-14T18:39:31.789788+00:00", "symbol": "BTC-USD"}, {"trade_id": 848951927, "side": "sell", "size": "0.03128075", "price": "119912.93000000", "time": "2025-07-14T18:38:04.156638Z", "fetched_at": "2025-07-14T18:39:31.789788+00:00", "symbol": "BTC-USD"}, {"trade_id": 848951926, "side": "sell", "size": "0.00833941", "price": "119912.42000000", "time": "2025-07-14T18:38:04.156638Z", "fetched_at": "2025-07-14T18:39:31.789788+00:00", "symbol": "BTC-USD"}, {"trade_id": 848951925, "side": "sell", "size": "0.04779671", "price": "119912.41000000", "time": "2025-07-14T18:38:04.156638Z", "fetched_at": "2025-07-14T18:39:31.789788+00:00", "symbol": "BTC-USD"}, {"trade_id": 848951924, "side": "sell", "size": "0.00007969", "price": "119912.40000000", "time": "2025-07-14T18:38:04.156638Z", "fetched_at": "2025-07-14T18:39:31.789788+00:00", "symbol": "BTC-USD"}, {"trade_id": 848951923, "side": "sell", "size": "0.00000007", "price": "119904.42000000", "time": "2025-07-14T18:38:04.156638Z", "fetched_at": "2025-07-14T18:39:31.789788+00:00", "symbol": "BTC-USD"}, {"trade_id": 848951922, "side": "sell", "size": "0.00834007", "price": "119903.07000000", "time": "2025-07-14T18:38:04.156638Z", "fetched_at": "2025-07-14T18:39:31.789788+00:00", "symbol": "BTC-USD"}, {"trade_id": 848951921, "side": "sell", "size": "0.00278811", "price": "119901.27000000", "time": "2025-07-14T18:38:04.156638Z", "fetched_at": "2025-07-14T18:39:31.789788+00:00", "symbol": "BTC-USD"}, {"trade_id": 848951920, "side": "sell", "size": "0.00000465", "price": "119901.26000000", "time": "2025-07-14T18:38:04.156638Z", "fetched_at": "2025-07-14T18:39:31.789788+00:00", "symbol": "BTC-USD"}, {"trade_id": 848951919, "side": "sell", "size": "0.00000158", "price": "119901.26000000", "time": "2025-07-14T18:38:04.156638Z", "fetched_at": "2025-07-14T18:39:31.789788+00:00", "symbol": "BTC-USD"}, {"trade_id": 848951918, "side": "sell", "size": "0.00000559", "price": "119901.26000000", "time": "2025-07-14T18:38:04.156638Z", "fetched_at": "2025-07-14T18:39:31.789788+00:00", "symbol": "BTC-USD"}, {"trade_id": 848951917, "side": "sell", "size": "0.00394289", "price": "119901.27000000", "time": "2025-07-14T18:38:03.734720Z", "fetched_at": "2025-07-14T18:39:31.789788+00:00", "symbol": "BTC-USD"}, {"trade_id": 848951916, "side": "sell", "size": "0.00003676", "price": "119901.25000000", "time": "2025-07-14T18:38:03.734720Z", "fetched_at": "2025-07-14T18:39:31.789788+00:00", "symbol": "BTC-USD"}, {"trade_id": 848951915, "side": "sell", "size": "0.00006201", "price": "119901.25000000", "time": "2025-07-14T18:38:03.734720Z", "fetched_at": "2025-07-14T18:39:31.789788+00:00", "symbol": "BTC-USD"}, {"trade_id": 848951914, "side": "sell", "size": "0.00001167", "price": "119901.25000000", "time": "2025-07-14T18:38:03.734720Z", "fetched_at": "2025-07-14T18:39:31.789788+00:00", "symbol": "BTC-USD"}, {"trade_id": 848951913, "side": "sell", "size": "0.00018980", "price": "119901.25000000", "time": "2025-07-14T18:38:03.484298Z", "fetched_at": "2025-07-14T18:39:31.789788+00:00", "symbol": "BTC-USD"}, {"trade_id": 848951912, "side": "sell", "size": "0.00019778", "price": "119901.25000000", "time": "2025-07-14T18:38:03.471482Z", "fetched_at": "2025-07-14T18:39:31.789788+00:00", "symbol": "BTC-USD"}, {"trade_id": 848951911, "side": "buy", "size": "0.00253343", "price": "119892.67000000", "time": "2025-07-14T18:38:03.352945Z", "fetched_at": "2025-07-14T18:39:31.789788+00:00", "symbol": "BTC-USD"}, {"trade_id": 848951910, "side": "buy", "size": "0.00001372", "price": "119892.68000000", "time": "2025-07-14T18:38:03.352945Z", "fetched_at": "2025-07-14T18:39:31.789788+00:00", "symbol": "BTC-USD"}, {"trade_id": 848951909, "side": "buy", "size": "0.00011143", "price": "119892.63000000", "time": "2025-07-14T18:38:02.979383Z", "fetched_at": "2025-07-14T18:39:31.789788+00:00", "symbol": "BTC-USD"}, {"trade_id": 848951908, "side": "buy", "size": "0.00001372", "price": "119892.67000000", "time": "2025-07-14T18:38:02.979383Z", "fetched_at": "2025-07-14T18:39:31.789788+00:00", "symbol": "BTC-USD"}, {"trade_id": 848951907, "side": "buy", "size": "0.00001044", "price": "119892.64000000", "time": "2025-07-14T18:38:02.913342Z", "fetched_at": "2025-07-14T18:39:31.789788+00:00", "symbol": "BTC-USD"}, {"trade_id": 848951906, "side": "buy", "size": "0.00001372", "price": "119892.65000000", "time": "2025-07-14T18:38:02.913342Z", "fetched_at": "2025-07-14T18:39:31.789788+00:00", "symbol": "BTC-USD"}, {"trade_id": 848951905, "side": "buy", "size": "0.00000341", "price": "119894.88000000", "time": "2025-07-14T18:38:02.913342Z", "fetched_at": "2025-07-14T18:39:31.789788+00:00", "symbol": "BTC-USD"}, {"trade_id": 848951904, "side": "buy", "size": "0.00002158", "price": "119894.91000000", "time": "2025-07-14T18:38:02.913342Z", "fetched_at": "2025-07-14T18:39:31.789788+00:00", "symbol": "BTC-USD"}, {"trade_id": 848951903, "side": "sell", "size": "0.00032563", "price": "119904.42000000", "time": "2025-07-14T18:38:02.600564Z", "fetched_at": "2025-07-14T18:39:31.789788+00:00", "symbol": "BTC-USD"}, {"trade_id": 848951902, "side": "sell", "size": "0.00007970", "price": "119904.41000000", "time": "2025-07-14T18:38:02.600564Z", "fetched_at": "2025-07-14T18:39:31.789788+00:00", "symbol": "BTC-USD"}, {"trade_id": 848951901, "side": "sell", "size": "0.00348031", "price": "119899.46000000", "time": "2025-07-14T18:38:02.356380Z", "fetched_at": "2025-07-14T18:39:31.789788+00:00", "symbol": "BTC-USD"}, {"trade_id": 848951900, "side": "sell", "size": "0.00007971", "price": "119897.90000000", "time": "2025-07-14T18:38:02.356380Z", "fetched_at": "2025-07-14T18:39:31.789788+00:00", "symbol": "BTC-USD"}, {"trade_id": 848951899, "side": "sell", "size": "0.00041716", "price": "119893.96000000", "time": "2025-07-14T18:38:02.356380Z", "fetched_at": "2025-07-14T18:39:31.789788+00:00", "symbol": "BTC-USD"}, {"trade_id": 848951898, "side": "sell", "size": "0.00004134", "price": "119892.43000000", "time": "2025-07-14T18:38:02.356380Z", "fetched_at": "2025-07-14T18:39:31.789788+00:00", "symbol": "BTC-USD"}, {"trade_id": 848951897, "side": "sell", "size": "0.00002656", "price": "119892.43000000", "time": "2025-07-14T18:38:02.356380Z", "fetched_at": "2025-07-14T18:39:31.789788+00:00", "symbol": "BTC-USD"}, {"trade_id": 848951896, "side": "sell", "size": "0.00000825", "price": "119892.43000000", "time": "2025-07-14T18:38:02.356380Z", "fetched_at": "2025-07-14T18:39:31.789788+00:00", "symbol": "BTC-USD"}, {"trade_id": 848951895, "side": "buy", "size": "0.00696200", "price": "119887.88000000", "time": "2025-07-14T18:38:02.285605Z", "fetched_at": "2025-07-14T18:39:31.789788+00:00", "symbol": "BTC-USD"}, {"trade_id": 848951894, "side": "buy", "size": "0.00963000", "price": "119889.52000000", "time": "2025-07-14T18:38:02.285605Z", "fetched_at": "2025-07-14T18:39:31.789788+00:00", "symbol": "BTC-USD"}, {"trade_id": 848951893, "side": "buy", "size": "0.00333722", "price": "119886.51000000", "time": "2025-07-14T18:38:02.243985Z", "fetched_at": "2025-07-14T18:39:31.789788+00:00", "symbol": "BTC-USD"}, {"trade_id": 848951892, "side": "sell", "size": "0.00834131", "price": "119885.27000000", "time": "2025-07-14T18:38:02.202860Z", "fetched_at": "2025-07-14T18:39:31.789788+00:00", "symbol": "BTC-USD"}, {"trade_id": 848951891, "side": "sell", "size": "0.01023900", "price": "119883.53000000", "time": "2025-07-14T18:38:02.202791Z", "fetched_at": "2025-07-14T18:39:31.789788+00:00", "symbol": "BTC-USD"}, {"trade_id": 848951890, "side": "sell", "size": "0.01519037", "price": "119883.52000000", "time": "2025-07-14T18:38:02.202791Z", "fetched_at": "2025-07-14T18:39:31.789788+00:00", "symbol": "BTC-USD"}, {"trade_id": 848951889, "side": "sell", "size": "0.00023686", "price": "119883.52000000", "time": "2025-07-14T18:38:01.262143Z", "fetched_at": "2025-07-14T18:39:31.789788+00:00", "symbol": "BTC-USD"}, {"trade_id": 848951888, "side": "sell", "size": "0.14369441", "price": "119889.64000000", "time": "2025-07-14T18:38:00.554854Z", "fetched_at": "2025-07-14T18:39:31.789788+00:00", "symbol": "BTC-USD"}, {"trade_id": 848951887, "side": "sell", "size": "0.19788905", "price": "119888.30000000", "time": "2025-07-14T18:38:00.554854Z", "fetched_at": "2025-07-14T18:39:31.789788+00:00", "symbol": "BTC-USD"}, {"trade_id": 848951886, "side": "sell", "size": "0.05567956", "price": "119888.30000000", "time": "2025-07-14T18:38:00.554854Z", "fetched_at": "2025-07-14T18:39:31.789788+00:00", "symbol": "BTC-USD"}, {"trade_id": 848951885, "side": "sell", "size": "0.00007972", "price": "119888.29000000", "time": "2025-07-14T18:38:00.554854Z", "fetched_at": "2025-07-14T18:39:31.789788+00:00", "symbol": "BTC-USD"}, {"trade_id": 848951884, "side": "sell", "size": "0.00834130", "price": "119885.26000000", "time": "2025-07-14T18:38:00.554854Z", "fetched_at": "2025-07-14T18:39:31.789788+00:00", "symbol": "BTC-USD"}, {"trade_id": 848951883, "side": "sell", "size": "0.00834162", "price": "119880.84000000", "time": "2025-07-14T18:38:00.554854Z", "fetched_at": "2025-07-14T18:39:31.789788+00:00", "symbol": "BTC-USD"}, {"trade_id": 848951882, "side": "sell", "size": "0.05089658", "price": "119879.04000000", "time": "2025-07-14T18:38:00.554854Z", "fetched_at": "2025-07-14T18:39:31.789788+00:00", "symbol": "BTC-USD"}, {"trade_id": 848951881, "side": "sell", "size": "0.00081042", "price": "119879.04000000", "time": "2025-07-14T18:38:00.517152Z", "fetched_at": "2025-07-14T18:39:31.789788+00:00", "symbol": "BTC-USD"}, {"trade_id": 848951880, "side": "sell", "size": "0.00834254", "price": "119867.56000000", "time": "2025-07-14T18:37:59.970471Z", "fetched_at": "2025-07-14T18:39:31.789788+00:00", "symbol": "BTC-USD"}, {"trade_id": 848951879, "side": "sell", "size": "0.00035129", "price": "119865.71000000", "time": "2025-07-14T18:37:59.970471Z", "fetched_at": "2025-07-14T18:39:31.789788+00:00", "symbol": "BTC-USD"}, {"trade_id": 848951878, "side": "sell", "size": "0.00033444", "price": "119865.53000000", "time": "2025-07-14T18:37:59.970471Z", "fetched_at": "2025-07-14T18:39:31.789788+00:00", "symbol": "BTC-USD"}, {"trade_id": 848951877, "side": "sell", "size": "0.03128075", "price": "119863.77000000", "time": "2025-07-14T18:37:59.967493Z", "fetched_at": "2025-07-14T18:39:31.789788+00:00", "symbol": "BTC-USD"}, {"trade_id": 848951876, "side": "sell", "size": "0.00834308", "price": "119859.81000000", "time": "2025-07-14T18:37:59.966780Z", "fetched_at": "2025-07-14T18:39:31.789788+00:00", "symbol": "BTC-USD"}, {"trade_id": 848951875, "side": "sell", "size": "0.07616976", "price": "119858.12000000", "time": "2025-07-14T18:37:59.966724Z", "fetched_at": "2025-07-14T18:39:31.789788+00:00", "symbol": "BTC-USD"}, {"trade_id": 848951874, "side": "buy", "size": "0.00008070", "price": "119858.11000000", "time": "2025-07-14T18:37:59.961886Z", "fetched_at": "2025-07-14T18:39:31.789788+00:00", "symbol": "BTC-USD"}, {"trade_id": 848951873, "side": "sell", "size": "0.00096641", "price": "119858.12000000", "time": "2025-07-14T18:37:59.948977Z", "fetched_at": "2025-07-14T18:39:31.789788+00:00", "symbol": "BTC-USD"}, {"trade_id": 848951872, "side": "buy", "size": "0.00398589", "price": "119858.04000000", "time": "2025-07-14T18:37:59.882595Z", "fetched_at": "2025-07-14T18:39:31.789788+00:00", "symbol": "BTC-USD"}, {"trade_id": 848951871, "side": "buy", "size": "0.00001411", "price": "119858.04000000", "time": "2025-07-14T18:37:59.882595Z", "fetched_at": "2025-07-14T18:39:31.789788+00:00", "symbol": "BTC-USD"}, {"trade_id": 848951870, "side": "sell", "size": "0.00067000", "price": "119858.05000000", "time": "2025-07-14T18:37:59.863726Z", "fetched_at": "2025-07-14T18:39:31.789788+00:00", "symbol": "BTC-USD"}, {"trade_id": 848951869, "side": "sell", "size": "0.00081062", "price": "119858.05000000", "time": "2025-07-14T18:37:59.858634Z", "fetched_at": "2025-07-14T18:39:31.789788+00:00", "symbol": "BTC-USD"}, {"trade_id": 848951868, "side": "sell", "size": "0.00000619", "price": "119858.03000000", "time": "2025-07-14T18:37:58.113604Z", "fetched_at": "2025-07-14T18:39:31.789788+00:00", "symbol": "BTC-USD"}, {"trade_id": 848951867, "side": "sell", "size": "0.00435030", "price": "119858.03000000", "time": "2025-07-14T18:37:58.110378Z", "fetched_at": "2025-07-14T18:39:31.789788+00:00", "symbol": "BTC-USD"}, {"trade_id": 848951866, "side": "sell", "size": "0.00825861", "price": "119858.03000000", "time": "2025-07-14T18:37:57.973694Z", "fetched_at": "2025-07-14T18:39:31.789788+00:00", "symbol": "BTC-USD"}, {"trade_id": 848951865, "side": "sell", "size": "0.00008259", "price": "119858.03000000", "time": "2025-07-14T18:37:57.958971Z", "fetched_at": "2025-07-14T18:39:31.789788+00:00", "symbol": "BTC-USD"}, {"trade_id": 848951864, "side": "sell", "size": "0.00020000", "price": "119858.01000000", "time": "2025-07-14T18:37:57.507430Z", "fetched_at": "2025-07-14T18:39:31.789788+00:00", "symbol": "BTC-USD"}, {"trade_id": 848951863, "side": "buy", "size": "0.00000244", "price": "119858.00000000", "time": "2025-07-14T18:37:57.450764Z", "fetched_at": "2025-07-14T18:39:31.789788+00:00", "symbol": "BTC-USD"}, {"trade_id": 848951862, "side": "buy", "size": "0.00000058", "price": "119858.00000000", "time": "2025-07-14T18:37:57.450764Z", "fetched_at": "2025-07-14T18:39:31.789788+00:00", "symbol": "BTC-USD"}, {"trade_id": 848951861, "side": "buy", "size": "0.00002209", "price": "119858.00000000", "time": "2025-07-14T18:37:57.450764Z", "fetched_at": "2025-07-14T18:39:31.789788+00:00", "symbol": "BTC-USD"}, {"trade_id": 848951860, "side": "sell", "size": "0.00040520", "price": "119858.01000000", "time": "2025-07-14T18:37:57.178279Z", "fetched_at": "2025-07-14T18:39:31.789788+00:00", "symbol": "BTC-USD"}, {"trade_id": 848951859, "side": "buy", "size": "0.00080722", "price": "119858.00000000", "time": "2025-07-14T18:37:56.508937Z", "fetched_at": "2025-07-14T18:39:31.789788+00:00", "symbol": "BTC-USD"}, {"trade_id": 848951858, "side": "buy", "size": "0.00000900", "price": "119860.07000000", "time": "2025-07-14T18:37:56.508937Z", "fetched_at": "2025-07-14T18:39:31.789788+00:00", "symbol": "BTC-USD"}, {"trade_id": 848951857, "side": "buy", "size": "0.00004200", "price": "119860.07000000", "time": "2025-07-14T18:37:56.508937Z", "fetched_at": "2025-07-14T18:39:31.789788+00:00", "symbol": "BTC-USD"}, {"trade_id": 848951856, "side": "buy", "size": "0.00000133", "price": "119860.09000000", "time": "2025-07-14T18:37:56.508937Z", "fetched_at": "2025-07-14T18:39:31.789788+00:00", "symbol": "BTC-USD"}, {"trade_id": 848951855, "side": "buy", "size": "0.00000120", "price": "119860.09000000", "time": "2025-07-14T18:37:56.508937Z", "fetched_at": "2025-07-14T18:39:31.789788+00:00", "symbol": "BTC-USD"}, {"trade_id": 848951854, "side": "sell", "size": "0.00040495", "price": "119860.10000000", "time": "2025-07-14T18:37:56.299647Z", "fetched_at": "2025-07-14T18:39:31.789788+00:00", "symbol": "BTC-USD"}