[{"trade_id": 848946479, "side": "buy", "size": "0.28371571", "price": "119985.00000000", "time": "2025-07-14T18:23:21.952718Z", "fetched_at": "2025-07-14T18:23:24.661016+00:00", "symbol": "BTC-USD"}, {"trade_id": 848946478, "side": "buy", "size": "0.00982970", "price": "119985.04000000", "time": "2025-07-14T18:23:21.952718Z", "fetched_at": "2025-07-14T18:23:24.661016+00:00", "symbol": "BTC-USD"}, {"trade_id": 848946477, "side": "buy", "size": "0.01407931", "price": "119985.05000000", "time": "2025-07-14T18:23:21.952718Z", "fetched_at": "2025-07-14T18:23:24.661016+00:00", "symbol": "BTC-USD"}, {"trade_id": 848946476, "side": "buy", "size": "0.00833420", "price": "119987.46000000", "time": "2025-07-14T18:23:21.952718Z", "fetched_at": "2025-07-14T18:23:24.661016+00:00", "symbol": "BTC-USD"}, {"trade_id": 848946475, "side": "buy", "size": "0.03500000", "price": "119989.04000000", "time": "2025-07-14T18:23:21.952718Z", "fetched_at": "2025-07-14T18:23:24.661016+00:00", "symbol": "BTC-USD"}, {"trade_id": 848946474, "side": "buy", "size": "0.00399000", "price": "119989.04000000", "time": "2025-07-14T18:23:21.952718Z", "fetched_at": "2025-07-14T18:23:24.661016+00:00", "symbol": "BTC-USD"}, {"trade_id": 848946473, "side": "buy", "size": "0.02491608", "price": "119989.04000000", "time": "2025-07-14T18:23:21.952718Z", "fetched_at": "2025-07-14T18:23:24.661016+00:00", "symbol": "BTC-USD"}, {"trade_id": 848946472, "side": "buy", "size": "0.02408084", "price": "119989.04000000", "time": "2025-07-14T18:23:21.952718Z", "fetched_at": "2025-07-14T18:23:24.661016+00:00", "symbol": "BTC-USD"}, {"trade_id": 848946471, "side": "buy", "size": "0.00007893", "price": "119989.04000000", "time": "2025-07-14T18:23:21.952718Z", "fetched_at": "2025-07-14T18:23:24.661016+00:00", "symbol": "BTC-USD"}, {"trade_id": 848946470, "side": "sell", "size": "0.00001287", "price": "119989.06000000", "time": "2025-07-14T18:23:21.159353Z", "fetched_at": "2025-07-14T18:23:24.661016+00:00", "symbol": "BTC-USD"}, {"trade_id": 848946469, "side": "sell", "size": "0.00374842", "price": "119989.06000000", "time": "2025-07-14T18:23:21.093986Z", "fetched_at": "2025-07-14T18:23:24.661016+00:00", "symbol": "BTC-USD"}, {"trade_id": 848946468, "side": "buy", "size": "0.01410047", "price": "119989.05000000", "time": "2025-07-14T18:23:20.848706Z", "fetched_at": "2025-07-14T18:23:24.661016+00:00", "symbol": "BTC-USD"}, {"trade_id": 848946467, "side": "buy", "size": "0.00007893", "price": "119989.05000000", "time": "2025-07-14T18:23:20.848706Z", "fetched_at": "2025-07-14T18:23:24.661016+00:00", "symbol": "BTC-USD"}, {"trade_id": 848946466, "side": "buy", "size": "0.00723000", "price": "119989.05000000", "time": "2025-07-14T18:23:20.848706Z", "fetched_at": "2025-07-14T18:23:24.661016+00:00", "symbol": "BTC-USD"}, {"trade_id": 848946465, "side": "sell", "size": "0.00083957", "price": "119989.06000000", "time": "2025-07-14T18:23:20.684375Z", "fetched_at": "2025-07-14T18:23:24.661016+00:00", "symbol": "BTC-USD"}, {"trade_id": 848946464, "side": "sell", "size": "0.00118343", "price": "119989.06000000", "time": "2025-07-14T18:23:20.524799Z", "fetched_at": "2025-07-14T18:23:24.661016+00:00", "symbol": "BTC-USD"}, {"trade_id": 848946463, "side": "sell", "size": "0.00000208", "price": "119987.41000000", "time": "2025-07-14T18:23:20.524799Z", "fetched_at": "2025-07-14T18:23:24.661016+00:00", "symbol": "BTC-USD"}, {"trade_id": 848946462, "side": "buy", "size": "0.00000977", "price": "119987.40000000", "time": "2025-07-14T18:23:20.516481Z", "fetched_at": "2025-07-14T18:23:24.661016+00:00", "symbol": "BTC-USD"}, {"trade_id": 848946461, "side": "buy", "size": "0.00019877", "price": "119987.40000000", "time": "2025-07-14T18:23:20.354536Z", "fetched_at": "2025-07-14T18:23:24.661016+00:00", "symbol": "BTC-USD"}, {"trade_id": 848946460, "side": "buy", "size": "0.00007893", "price": "119987.40000000", "time": "2025-07-14T18:23:20.354536Z", "fetched_at": "2025-07-14T18:23:24.661016+00:00", "symbol": "BTC-USD"}, {"trade_id": 848946459, "side": "buy", "size": "0.00017030", "price": "119979.71000000", "time": "2025-07-14T18:23:19.918534Z", "fetched_at": "2025-07-14T18:23:24.661016+00:00", "symbol": "BTC-USD"}, {"trade_id": 848946458, "side": "buy", "size": "0.00007893", "price": "119987.47000000", "time": "2025-07-14T18:23:19.918534Z", "fetched_at": "2025-07-14T18:23:24.661016+00:00", "symbol": "BTC-USD"}, {"trade_id": 848946457, "side": "buy", "size": "0.00998951", "price": "119978.02000000", "time": "2025-07-14T18:23:19.744759Z", "fetched_at": "2025-07-14T18:23:24.661016+00:00", "symbol": "BTC-USD"}, {"trade_id": 848946456, "side": "buy", "size": "0.00001000", "price": "119979.00000000", "time": "2025-07-14T18:23:19.744759Z", "fetched_at": "2025-07-14T18:23:24.661016+00:00", "symbol": "BTC-USD"}, {"trade_id": 848946455, "side": "buy", "size": "0.00833427", "price": "119986.50000000", "time": "2025-07-14T18:23:19.744759Z", "fetched_at": "2025-07-14T18:23:24.661016+00:00", "symbol": "BTC-USD"}, {"trade_id": 848946454, "side": "buy", "size": "0.03191816", "price": "119986.93000000", "time": "2025-07-14T18:23:19.744759Z", "fetched_at": "2025-07-14T18:23:24.661016+00:00", "symbol": "BTC-USD"}, {"trade_id": 848946453, "side": "buy", "size": "0.00001000", "price": "119988.00000000", "time": "2025-07-14T18:23:19.744759Z", "fetched_at": "2025-07-14T18:23:24.661016+00:00", "symbol": "BTC-USD"}, {"trade_id": 848946452, "side": "buy", "size": "0.00007892", "price": "119996.39000000", "time": "2025-07-14T18:23:19.744759Z", "fetched_at": "2025-07-14T18:23:24.661016+00:00", "symbol": "BTC-USD"}, {"trade_id": 848946451, "side": "buy", "size": "1.49744835", "price": "119989.00000000", "time": "2025-07-14T18:23:19.595466Z", "fetched_at": "2025-07-14T18:23:24.661016+00:00", "symbol": "BTC-USD"}, {"trade_id": 848946450, "side": "buy", "size": "0.03229400", "price": "119989.71000000", "time": "2025-07-14T18:23:19.595466Z", "fetched_at": "2025-07-14T18:23:24.661016+00:00", "symbol": "BTC-USD"}, {"trade_id": 848946449, "side": "buy", "size": "0.40000000", "price": "119990.00000000", "time": "2025-07-14T18:23:19.595466Z", "fetched_at": "2025-07-14T18:23:24.661016+00:00", "symbol": "BTC-USD"}, {"trade_id": 848946448, "side": "buy", "size": "2.00000000", "price": "119990.00000000", "time": "2025-07-14T18:23:19.595466Z", "fetched_at": "2025-07-14T18:23:24.661016+00:00", "symbol": "BTC-USD"}, {"trade_id": 848946447, "side": "buy", "size": "0.00833147", "price": "119990.81000000", "time": "2025-07-14T18:23:19.595466Z", "fetched_at": "2025-07-14T18:23:24.661016+00:00", "symbol": "BTC-USD"}, {"trade_id": 848946446, "side": "buy", "size": "0.00333370", "price": "119991.20000000", "time": "2025-07-14T18:23:19.595466Z", "fetched_at": "2025-07-14T18:23:24.661016+00:00", "symbol": "BTC-USD"}, {"trade_id": 848946445, "side": "buy", "size": "0.07960720", "price": "119992.34000000", "time": "2025-07-14T18:23:19.595466Z", "fetched_at": "2025-07-14T18:23:24.661016+00:00", "symbol": "BTC-USD"}, {"trade_id": 848946444, "side": "buy", "size": "0.00319165", "price": "119992.99000000", "time": "2025-07-14T18:23:19.595466Z", "fetched_at": "2025-07-14T18:23:24.661016+00:00", "symbol": "BTC-USD"}, {"trade_id": 848946443, "side": "buy", "size": "0.00833364", "price": "119995.53000000", "time": "2025-07-14T18:23:19.595466Z", "fetched_at": "2025-07-14T18:23:24.661016+00:00", "symbol": "BTC-USD"}, {"trade_id": 848946442, "side": "buy", "size": "0.00028513", "price": "119996.37000000", "time": "2025-07-14T18:23:19.595466Z", "fetched_at": "2025-07-14T18:23:24.661016+00:00", "symbol": "BTC-USD"}, {"trade_id": 848946441, "side": "buy", "size": "0.14408769", "price": "119996.37000000", "time": "2025-07-14T18:23:19.595466Z", "fetched_at": "2025-07-14T18:23:24.661016+00:00", "symbol": "BTC-USD"}, {"trade_id": 848946440, "side": "buy", "size": "0.04032239", "price": "119996.38000000", "time": "2025-07-14T18:23:19.595466Z", "fetched_at": "2025-07-14T18:23:24.661016+00:00", "symbol": "BTC-USD"}, {"trade_id": 848946439, "side": "buy", "size": "0.00007892", "price": "119996.39000000", "time": "2025-07-14T18:23:19.595466Z", "fetched_at": "2025-07-14T18:23:24.661016+00:00", "symbol": "BTC-USD"}, {"trade_id": 848946438, "side": "buy", "size": "0.00001000", "price": "119997.00000000", "time": "2025-07-14T18:23:19.595466Z", "fetched_at": "2025-07-14T18:23:24.661016+00:00", "symbol": "BTC-USD"}, {"trade_id": 848946437, "side": "buy", "size": "0.00000324", "price": "120006.00000000", "time": "2025-07-14T18:23:19.595466Z", "fetched_at": "2025-07-14T18:23:24.661016+00:00", "symbol": "BTC-USD"}, {"trade_id": 848946436, "side": "buy", "size": "0.00000383", "price": "120006.00000000", "time": "2025-07-14T18:23:19.595466Z", "fetched_at": "2025-07-14T18:23:24.661016+00:00", "symbol": "BTC-USD"}, {"trade_id": 848946435, "side": "buy", "size": "0.00000617", "price": "120006.00000000", "time": "2025-07-14T18:23:19.181368Z", "fetched_at": "2025-07-14T18:23:24.661016+00:00", "symbol": "BTC-USD"}, {"trade_id": 848946434, "side": "buy", "size": "0.00000716", "price": "120008.68000000", "time": "2025-07-14T18:23:19.181368Z", "fetched_at": "2025-07-14T18:23:24.661016+00:00", "symbol": "BTC-USD"}, {"trade_id": 848946433, "side": "sell", "size": "0.00105101", "price": "120011.08000000", "time": "2025-07-14T18:23:17.826876Z", "fetched_at": "2025-07-14T18:23:24.661016+00:00", "symbol": "BTC-USD"}, {"trade_id": 848946432, "side": "sell", "size": "0.00000043", "price": "120014.10000000", "time": "2025-07-14T18:23:17.777582Z", "fetched_at": "2025-07-14T18:23:24.661016+00:00", "symbol": "BTC-USD"}, {"trade_id": 848946431, "side": "buy", "size": "0.01521772", "price": "120015.61000000", "time": "2025-07-14T18:23:17.496822Z", "fetched_at": "2025-07-14T18:23:24.661016+00:00", "symbol": "BTC-USD"}, {"trade_id": 848946430, "side": "buy", "size": "0.02499861", "price": "120015.61000000", "time": "2025-07-14T18:23:17.462949Z", "fetched_at": "2025-07-14T18:23:24.661016+00:00", "symbol": "BTC-USD"}, {"trade_id": 848946429, "side": "buy", "size": "0.00294699", "price": "120017.60000000", "time": "2025-07-14T18:23:17.455490Z", "fetched_at": "2025-07-14T18:23:24.661016+00:00", "symbol": "BTC-USD"}, {"trade_id": 848946428, "side": "buy", "size": "0.03200000", "price": "120017.62000000", "time": "2025-07-14T18:23:17.455490Z", "fetched_at": "2025-07-14T18:23:24.661016+00:00", "symbol": "BTC-USD"}, {"trade_id": 848946427, "side": "buy", "size": "0.04186739", "price": "120022.54000000", "time": "2025-07-14T18:23:17.446524Z", "fetched_at": "2025-07-14T18:23:24.661016+00:00", "symbol": "BTC-USD"}, {"trade_id": 848946426, "side": "buy", "size": "0.03168369", "price": "120022.54000000", "time": "2025-07-14T18:23:17.446524Z", "fetched_at": "2025-07-14T18:23:24.661016+00:00", "symbol": "BTC-USD"}, {"trade_id": 848946425, "side": "buy", "size": "0.00833160", "price": "120025.01000000", "time": "2025-07-14T18:23:17.339695Z", "fetched_at": "2025-07-14T18:23:24.661016+00:00", "symbol": "BTC-USD"}, {"trade_id": 848946424, "side": "buy", "size": "0.08331945", "price": "120025.02000000", "time": "2025-07-14T18:23:17.339695Z", "fetched_at": "2025-07-14T18:23:24.661016+00:00", "symbol": "BTC-USD"}, {"trade_id": 848946423, "side": "buy", "size": "0.00379241", "price": "120026.81000000", "time": "2025-07-14T18:23:17.339695Z", "fetched_at": "2025-07-14T18:23:24.661016+00:00", "symbol": "BTC-USD"}, {"trade_id": 848946422, "side": "sell", "size": "0.00016121", "price": "120026.82000000", "time": "2025-07-14T18:23:16.957677Z", "fetched_at": "2025-07-14T18:23:24.661016+00:00", "symbol": "BTC-USD"}, {"trade_id": 848946421, "side": "sell", "size": "0.00809845", "price": "120026.82000000", "time": "2025-07-14T18:23:16.344881Z", "fetched_at": "2025-07-14T18:23:24.661016+00:00", "symbol": "BTC-USD"}, {"trade_id": 848946420, "side": "sell", "size": "0.00824934", "price": "120026.82000000", "time": "2025-07-14T18:23:16.174368Z", "fetched_at": "2025-07-14T18:23:24.661016+00:00", "symbol": "BTC-USD"}, {"trade_id": 848946419, "side": "sell", "size": "0.00121472", "price": "120026.82000000", "time": "2025-07-14T18:23:16.139718Z", "fetched_at": "2025-07-14T18:23:24.661016+00:00", "symbol": "BTC-USD"}, {"trade_id": 848946418, "side": "sell", "size": "0.00207453", "price": "120026.82000000", "time": "2025-07-14T18:23:15.727878Z", "fetched_at": "2025-07-14T18:23:24.661016+00:00", "symbol": "BTC-USD"}, {"trade_id": 848946417, "side": "sell", "size": "0.00019508", "price": "120026.82000000", "time": "2025-07-14T18:23:15.638781Z", "fetched_at": "2025-07-14T18:23:24.661016+00:00", "symbol": "BTC-USD"}, {"trade_id": 848946416, "side": "buy", "size": "0.00020829", "price": "120026.81000000", "time": "2025-07-14T18:23:15.462623Z", "fetched_at": "2025-07-14T18:23:24.661016+00:00", "symbol": "BTC-USD"}, {"trade_id": 848946415, "side": "sell", "size": "0.00011858", "price": "120027.32000000", "time": "2025-07-14T18:23:14.817560Z", "fetched_at": "2025-07-14T18:23:24.661016+00:00", "symbol": "BTC-USD"}, {"trade_id": 848946414, "side": "sell", "size": "0.00079053", "price": "120026.82000000", "time": "2025-07-14T18:23:14.589098Z", "fetched_at": "2025-07-14T18:23:24.661016+00:00", "symbol": "BTC-USD"}, {"trade_id": 848946413, "side": "buy", "size": "0.03864465", "price": "120026.81000000", "time": "2025-07-14T18:23:14.357617Z", "fetched_at": "2025-07-14T18:23:24.661016+00:00", "symbol": "BTC-USD"}, {"trade_id": 848946412, "side": "buy", "size": "0.00002389", "price": "120026.85000000", "time": "2025-07-14T18:23:14.357617Z", "fetched_at": "2025-07-14T18:23:24.661016+00:00", "symbol": "BTC-USD"}, {"trade_id": 848946411, "side": "buy", "size": "0.00833146", "price": "120026.85000000", "time": "2025-07-14T18:23:14.357617Z", "fetched_at": "2025-07-14T18:23:24.661016+00:00", "symbol": "BTC-USD"}, {"trade_id": 848946410, "side": "sell", "size": "0.07374814", "price": "120024.09000000", "time": "2025-07-14T18:23:13.778852Z", "fetched_at": "2025-07-14T18:23:24.661016+00:00", "symbol": "BTC-USD"}, {"trade_id": 848946409, "side": "sell", "size": "0.00833173", "price": "120023.12000000", "time": "2025-07-14T18:23:13.778852Z", "fetched_at": "2025-07-14T18:23:24.661016+00:00", "symbol": "BTC-USD"}, {"trade_id": 848946408, "side": "sell", "size": "0.00001197", "price": "120021.32000000", "time": "2025-07-14T18:23:13.778852Z", "fetched_at": "2025-07-14T18:23:24.661016+00:00", "symbol": "BTC-USD"}, {"trade_id": 848946407, "side": "sell", "size": "0.03936688", "price": "120021.32000000", "time": "2025-07-14T18:23:13.778852Z", "fetched_at": "2025-07-14T18:23:24.661016+00:00", "symbol": "BTC-USD"}, {"trade_id": 848946406, "side": "sell", "size": "0.00001624", "price": "120021.32000000", "time": "2025-07-14T18:23:13.778852Z", "fetched_at": "2025-07-14T18:23:24.661016+00:00", "symbol": "BTC-USD"}, {"trade_id": 848946405, "side": "sell", "size": "0.00999997", "price": "120021.32000000", "time": "2025-07-14T18:23:12.182340Z", "fetched_at": "2025-07-14T18:23:24.661016+00:00", "symbol": "BTC-USD"}, {"trade_id": 848946404, "side": "sell", "size": "0.00000809", "price": "120021.32000000", "time": "2025-07-14T18:23:11.490673Z", "fetched_at": "2025-07-14T18:23:24.661016+00:00", "symbol": "BTC-USD"}, {"trade_id": 848946403, "side": "sell", "size": "0.00026031", "price": "120021.32000000", "time": "2025-07-14T18:23:11.372884Z", "fetched_at": "2025-07-14T18:23:24.661016+00:00", "symbol": "BTC-USD"}, {"trade_id": 848946402, "side": "sell", "size": "0.03077000", "price": "120021.32000000", "time": "2025-07-14T18:23:11.323303Z", "fetched_at": "2025-07-14T18:23:24.661016+00:00", "symbol": "BTC-USD"}, {"trade_id": 848946401, "side": "sell", "size": "0.00723000", "price": "120021.32000000", "time": "2025-07-14T18:23:11.323303Z", "fetched_at": "2025-07-14T18:23:24.661016+00:00", "symbol": "BTC-USD"}, {"trade_id": 848946400, "side": "sell", "size": "0.02062117", "price": "120034.86000000", "time": "2025-07-14T18:23:11.107470Z", "fetched_at": "2025-07-14T18:23:24.661016+00:00", "symbol": "BTC-USD"}, {"trade_id": 848946399, "side": "sell", "size": "0.00001000", "price": "120033.00000000", "time": "2025-07-14T18:23:11.107470Z", "fetched_at": "2025-07-14T18:23:24.661016+00:00", "symbol": "BTC-USD"}, {"trade_id": 848946398, "side": "sell", "size": "0.00416566", "price": "120028.84000000", "time": "2025-07-14T18:23:11.107470Z", "fetched_at": "2025-07-14T18:23:24.661016+00:00", "symbol": "BTC-USD"}, {"trade_id": 848946397, "side": "sell", "size": "0.00001000", "price": "120024.00000000", "time": "2025-07-14T18:23:11.107470Z", "fetched_at": "2025-07-14T18:23:24.661016+00:00", "symbol": "BTC-USD"}, {"trade_id": 848946396, "side": "sell", "size": "0.00001000", "price": "120015.00000000", "time": "2025-07-14T18:23:11.003038Z", "fetched_at": "2025-07-14T18:23:24.661016+00:00", "symbol": "BTC-USD"}, {"trade_id": 848946395, "side": "sell", "size": "0.00004987", "price": "120013.32000000", "time": "2025-07-14T18:23:10.873963Z", "fetched_at": "2025-07-14T18:23:24.661016+00:00", "symbol": "BTC-USD"}, {"trade_id": 848946394, "side": "sell", "size": "0.01794448", "price": "120013.03000000", "time": "2025-07-14T18:23:10.826411Z", "fetched_at": "2025-07-14T18:23:24.661016+00:00", "symbol": "BTC-USD"}, {"trade_id": 848946393, "side": "sell", "size": "0.02778297", "price": "120012.82000000", "time": "2025-07-14T18:23:10.826411Z", "fetched_at": "2025-07-14T18:23:24.661016+00:00", "symbol": "BTC-USD"}, {"trade_id": 848946392, "side": "sell", "size": "0.01514624", "price": "120012.82000000", "time": "2025-07-14T18:23:10.825852Z", "fetched_at": "2025-07-14T18:23:24.661016+00:00", "symbol": "BTC-USD"}, {"trade_id": 848946391, "side": "sell", "size": "0.00042000", "price": "120012.44000000", "time": "2025-07-14T18:23:10.800881Z", "fetched_at": "2025-07-14T18:23:24.661016+00:00", "symbol": "BTC-USD"}, {"trade_id": 848946390, "side": "sell", "size": "0.06480000", "price": "120012.45000000", "time": "2025-07-14T18:23:10.800254Z", "fetched_at": "2025-07-14T18:23:24.661016+00:00", "symbol": "BTC-USD"}, {"trade_id": 848946389, "side": "sell", "size": "0.00416617", "price": "120012.27000000", "time": "2025-07-14T18:23:10.800254Z", "fetched_at": "2025-07-14T18:23:24.661016+00:00", "symbol": "BTC-USD"}, {"trade_id": 848946388, "side": "sell", "size": "0.01746402", "price": "120011.98000000", "time": "2025-07-14T18:23:10.800254Z", "fetched_at": "2025-07-14T18:23:24.661016+00:00", "symbol": "BTC-USD"}, {"trade_id": 848946387, "side": "sell", "size": "0.00833318", "price": "120003.01000000", "time": "2025-07-14T18:23:10.799401Z", "fetched_at": "2025-07-14T18:23:24.661016+00:00", "symbol": "BTC-USD"}, {"trade_id": 848946386, "side": "sell", "size": "0.15816754", "price": "120003.01000000", "time": "2025-07-14T18:23:10.799194Z", "fetched_at": "2025-07-14T18:23:24.661016+00:00", "symbol": "BTC-USD"}, {"trade_id": 848946385, "side": "sell", "size": "0.00016789", "price": "120003.01000000", "time": "2025-07-14T18:23:10.799140Z", "fetched_at": "2025-07-14T18:23:24.661016+00:00", "symbol": "BTC-USD"}, {"trade_id": 848946384, "side": "sell", "size": "0.00833318", "price": "120002.17000000", "time": "2025-07-14T18:23:10.799140Z", "fetched_at": "2025-07-14T18:23:24.661016+00:00", "symbol": "BTC-USD"}, {"trade_id": 848946383, "side": "sell", "size": "0.02662706", "price": "120001.00000000", "time": "2025-07-14T18:23:10.799111Z", "fetched_at": "2025-07-14T18:23:24.661016+00:00", "symbol": "BTC-USD"}, {"trade_id": 848946382, "side": "sell", "size": "0.11895453", "price": "120001.00000000", "time": "2025-07-14T18:23:10.799050Z", "fetched_at": "2025-07-14T18:23:24.661016+00:00", "symbol": "BTC-USD"}, {"trade_id": 848946381, "side": "sell", "size": "0.02108744", "price": "120001.00000000", "time": "2025-07-14T18:23:10.799021Z", "fetched_at": "2025-07-14T18:23:24.661016+00:00", "symbol": "BTC-USD"}, {"trade_id": 848946380, "side": "sell", "size": "0.00005010", "price": "119998.93000000", "time": "2025-07-14T18:23:10.798938Z", "fetched_at": "2025-07-14T18:23:24.661016+00:00", "symbol": "BTC-USD"}, {"trade_id": 848946379, "side": "sell", "size": "0.00075968", "price": "120000.99000000", "time": "2025-07-14T18:23:10.148282Z", "fetched_at": "2025-07-14T18:23:24.661016+00:00", "symbol": "BTC-USD"}, {"trade_id": 848946378, "side": "sell", "size": "0.00000233", "price": "120000.11000000", "time": "2025-07-14T18:23:10.148282Z", "fetched_at": "2025-07-14T18:23:24.661016+00:00", "symbol": "BTC-USD"}, {"trade_id": 848946377, "side": "sell", "size": "0.00004791", "price": "119998.83000000", "time": "2025-07-14T18:23:10.148282Z", "fetched_at": "2025-07-14T18:23:24.661016+00:00", "symbol": "BTC-USD"}, {"trade_id": 848946376, "side": "sell", "size": "0.00004745", "price": "119998.83000000", "time": "2025-07-14T18:23:09.987828Z", "fetched_at": "2025-07-14T18:23:24.661016+00:00", "symbol": "BTC-USD"}, {"trade_id": 848946375, "side": "sell", "size": "0.00005052", "price": "119998.81000000", "time": "2025-07-14T18:23:09.364389Z", "fetched_at": "2025-07-14T18:23:24.661016+00:00", "symbol": "BTC-USD"}, {"trade_id": 848946374, "side": "sell", "size": "0.00074986", "price": "120009.62000000", "time": "2025-07-14T18:23:07.953120Z", "fetched_at": "2025-07-14T18:23:24.661016+00:00", "symbol": "BTC-USD"}, {"trade_id": 848946373, "side": "sell", "size": "0.00005415", "price": "120009.61000000", "time": "2025-07-14T18:23:07.953120Z", "fetched_at": "2025-07-14T18:23:24.661016+00:00", "symbol": "BTC-USD"}, {"trade_id": 848946372, "side": "sell", "size": "0.00000443", "price": "120006.75000000", "time": "2025-07-14T18:23:07.953120Z", "fetched_at": "2025-07-14T18:23:24.661016+00:00", "symbol": "BTC-USD"}, {"trade_id": 848946371, "side": "sell", "size": "0.00000158", "price": "120006.75000000", "time": "2025-07-14T18:23:07.953120Z", "fetched_at": "2025-07-14T18:23:24.661016+00:00", "symbol": "BTC-USD"}, {"trade_id": 848946370, "side": "sell", "size": "0.00005415", "price": "120000.77000000", "time": "2025-07-14T18:23:07.392458Z", "fetched_at": "2025-07-14T18:23:24.661016+00:00", "symbol": "BTC-USD"}, {"trade_id": 848946369, "side": "sell", "size": "0.00005415", "price": "119995.71000000", "time": "2025-07-14T18:23:07.296018Z", "fetched_at": "2025-07-14T18:23:24.661016+00:00", "symbol": "BTC-USD"}, {"trade_id": 848946368, "side": "buy", "size": "0.00024993", "price": "119993.34000000", "time": "2025-07-14T18:23:07.013354Z", "fetched_at": "2025-07-14T18:23:24.661016+00:00", "symbol": "BTC-USD"}, {"trade_id": 848946367, "side": "buy", "size": "0.00336725", "price": "119993.34000000", "time": "2025-07-14T18:23:07.011342Z", "fetched_at": "2025-07-14T18:23:24.661016+00:00", "symbol": "BTC-USD"}, {"trade_id": 848946366, "side": "buy", "size": "0.00798355", "price": "119992.61000000", "time": "2025-07-14T18:23:06.353697Z", "fetched_at": "2025-07-14T18:23:24.661016+00:00", "symbol": "BTC-USD"}, {"trade_id": 848946365, "side": "buy", "size": "0.00003367", "price": "119995.11000000", "time": "2025-07-14T18:23:05.677328Z", "fetched_at": "2025-07-14T18:23:24.661016+00:00", "symbol": "BTC-USD"}, {"trade_id": 848946364, "side": "sell", "size": "0.00001273", "price": "120004.61000000", "time": "2025-07-14T18:23:04.977509Z", "fetched_at": "2025-07-14T18:23:24.661016+00:00", "symbol": "BTC-USD"}, {"trade_id": 848946363, "side": "sell", "size": "0.00000666", "price": "120001.24000000", "time": "2025-07-14T18:23:04.977509Z", "fetched_at": "2025-07-14T18:23:24.661016+00:00", "symbol": "BTC-USD"}, {"trade_id": 848946362, "side": "sell", "size": "0.00005445", "price": "119994.34000000", "time": "2025-07-14T18:23:04.977509Z", "fetched_at": "2025-07-14T18:23:24.661016+00:00", "symbol": "BTC-USD"}, {"trade_id": 848946361, "side": "sell", "size": "0.00858323", "price": "120003.02000000", "time": "2025-07-14T18:23:04.489311Z", "fetched_at": "2025-07-14T18:23:24.661016+00:00", "symbol": "BTC-USD"}, {"trade_id": 848946360, "side": "sell", "size": "0.02645144", "price": "120003.01000000", "time": "2025-07-14T18:23:04.489311Z", "fetched_at": "2025-07-14T18:23:24.661016+00:00", "symbol": "BTC-USD"}, {"trade_id": 848946359, "side": "sell", "size": "0.00000664", "price": "120002.06000000", "time": "2025-07-14T18:23:04.489311Z", "fetched_at": "2025-07-14T18:23:24.661016+00:00", "symbol": "BTC-USD"}, {"trade_id": 848946358, "side": "sell", "size": "0.03078248", "price": "120000.03000000", "time": "2025-07-14T18:23:04.489311Z", "fetched_at": "2025-07-14T18:23:24.661016+00:00", "symbol": "BTC-USD"}, {"trade_id": 848946357, "side": "sell", "size": "0.00833344", "price": "119998.50000000", "time": "2025-07-14T18:23:04.489311Z", "fetched_at": "2025-07-14T18:23:24.661016+00:00", "symbol": "BTC-USD"}, {"trade_id": 848946356, "side": "sell", "size": "0.00829061", "price": "119996.48000000", "time": "2025-07-14T18:23:04.489311Z", "fetched_at": "2025-07-14T18:23:24.661016+00:00", "symbol": "BTC-USD"}, {"trade_id": 848946355, "side": "sell", "size": "0.00005445", "price": "119996.48000000", "time": "2025-07-14T18:23:04.489311Z", "fetched_at": "2025-07-14T18:23:24.661016+00:00", "symbol": "BTC-USD"}, {"trade_id": 848946354, "side": "sell", "size": "0.00004539", "price": "120002.01000000", "time": "2025-07-14T18:23:03.831865Z", "fetched_at": "2025-07-14T18:23:24.661016+00:00", "symbol": "BTC-USD"}, {"trade_id": 848946353, "side": "sell", "size": "0.00005461", "price": "120002.01000000", "time": "2025-07-14T18:23:03.831865Z", "fetched_at": "2025-07-14T18:23:24.661016+00:00", "symbol": "BTC-USD"}, {"trade_id": 848946352, "side": "sell", "size": "0.00025150", "price": "120006.76000000", "time": "2025-07-14T18:23:03.568501Z", "fetched_at": "2025-07-14T18:23:24.661016+00:00", "symbol": "BTC-USD"}, {"trade_id": 848946351, "side": "sell", "size": "0.00004965", "price": "120006.75000000", "time": "2025-07-14T18:23:03.568501Z", "fetched_at": "2025-07-14T18:23:24.661016+00:00", "symbol": "BTC-USD"}, {"trade_id": 848946350, "side": "sell", "size": "0.00001033", "price": "119994.67000000", "time": "2025-07-14T18:23:03.568501Z", "fetched_at": "2025-07-14T18:23:24.661016+00:00", "symbol": "BTC-USD"}, {"trade_id": 848946349, "side": "sell", "size": "0.00002051", "price": "119994.67000000", "time": "2025-07-14T18:23:03.568501Z", "fetched_at": "2025-07-14T18:23:24.661016+00:00", "symbol": "BTC-USD"}, {"trade_id": 848946348, "side": "sell", "size": "0.00000016", "price": "119994.67000000", "time": "2025-07-14T18:23:03.001633Z", "fetched_at": "2025-07-14T18:23:24.661016+00:00", "symbol": "BTC-USD"}, {"trade_id": 848946347, "side": "sell", "size": "0.00153765", "price": "120007.37000000", "time": "2025-07-14T18:23:02.926840Z", "fetched_at": "2025-07-14T18:23:24.661016+00:00", "symbol": "BTC-USD"}, {"trade_id": 848946346, "side": "sell", "size": "0.00001000", "price": "120006.00000000", "time": "2025-07-14T18:23:02.926840Z", "fetched_at": "2025-07-14T18:23:24.661016+00:00", "symbol": "BTC-USD"}, {"trade_id": 848946345, "side": "sell", "size": "0.00000208", "price": "120000.01000000", "time": "2025-07-14T18:23:02.926840Z", "fetched_at": "2025-07-14T18:23:24.661016+00:00", "symbol": "BTC-USD"}, {"trade_id": 848946344, "side": "sell", "size": "0.00001000", "price": "119997.00000000", "time": "2025-07-14T18:23:02.926840Z", "fetched_at": "2025-07-14T18:23:24.661016+00:00", "symbol": "BTC-USD"}, {"trade_id": 848946343, "side": "sell", "size": "0.00001034", "price": "119997.00000000", "time": "2025-07-14T18:23:02.926840Z", "fetched_at": "2025-07-14T18:23:24.661016+00:00", "symbol": "BTC-USD"}, {"trade_id": 848946342, "side": "sell", "size": "0.00004965", "price": "119994.67000000", "time": "2025-07-14T18:23:02.926840Z", "fetched_at": "2025-07-14T18:23:24.661016+00:00", "symbol": "BTC-USD"}, {"trade_id": 848946341, "side": "sell", "size": "0.00000664", "price": "119986.64000000", "time": "2025-07-14T18:23:02.782782Z", "fetched_at": "2025-07-14T18:23:24.661016+00:00", "symbol": "BTC-USD"}, {"trade_id": 848946340, "side": "sell", "size": "0.04255146", "price": "119985.55000000", "time": "2025-07-14T18:23:02.779680Z", "fetched_at": "2025-07-14T18:23:24.661016+00:00", "symbol": "BTC-USD"}, {"trade_id": 848946339, "side": "sell", "size": "0.00008300", "price": "119985.55000000", "time": "2025-07-14T18:23:01.232549Z", "fetched_at": "2025-07-14T18:23:24.661016+00:00", "symbol": "BTC-USD"}, {"trade_id": 848946338, "side": "sell", "size": "0.00007894", "price": "119985.55000000", "time": "2025-07-14T18:23:01.232549Z", "fetched_at": "2025-07-14T18:23:24.661016+00:00", "symbol": "BTC-USD"}, {"trade_id": 848946337, "side": "sell", "size": "0.04117113", "price": "119980.10000000", "time": "2025-07-14T18:22:59.821994Z", "fetched_at": "2025-07-14T18:23:24.661016+00:00", "symbol": "BTC-USD"}, {"trade_id": 848946336, "side": "sell", "size": "0.00007894", "price": "119979.29000000", "time": "2025-07-14T18:22:59.821994Z", "fetched_at": "2025-07-14T18:23:24.661016+00:00", "symbol": "BTC-USD"}, {"trade_id": 848946335, "side": "sell", "size": "0.00833529", "price": "119971.83000000", "time": "2025-07-14T18:22:59.706895Z", "fetched_at": "2025-07-14T18:23:24.661016+00:00", "symbol": "BTC-USD"}, {"trade_id": 848946334, "side": "sell", "size": "0.04955700", "price": "119970.03000000", "time": "2025-07-14T18:22:59.706895Z", "fetched_at": "2025-07-14T18:23:24.661016+00:00", "symbol": "BTC-USD"}, {"trade_id": 848946333, "side": "buy", "size": "0.00031154", "price": "119970.02000000", "time": "2025-07-14T18:22:59.443709Z", "fetched_at": "2025-07-14T18:23:24.661016+00:00", "symbol": "BTC-USD"}, {"trade_id": 848946332, "side": "sell", "size": "0.00039519", "price": "119970.03000000", "time": "2025-07-14T18:22:59.440911Z", "fetched_at": "2025-07-14T18:23:24.661016+00:00", "symbol": "BTC-USD"}, {"trade_id": 848946331, "side": "buy", "size": "0.00001333", "price": "119970.02000000", "time": "2025-07-14T18:22:58.438138Z", "fetched_at": "2025-07-14T18:23:24.661016+00:00", "symbol": "BTC-USD"}, {"trade_id": 848946330, "side": "sell", "size": "0.00628624", "price": "119975.13000000", "time": "2025-07-14T18:22:57.036329Z", "fetched_at": "2025-07-14T18:23:24.661016+00:00", "symbol": "BTC-USD"}, {"trade_id": 848946329, "side": "sell", "size": "0.03837467", "price": "119975.11000000", "time": "2025-07-14T18:22:57.036329Z", "fetched_at": "2025-07-14T18:23:24.661016+00:00", "symbol": "BTC-USD"}, {"trade_id": 848946328, "side": "sell", "size": "0.00007060", "price": "119975.10000000", "time": "2025-07-14T18:22:57.036329Z", "fetched_at": "2025-07-14T18:23:24.661016+00:00", "symbol": "BTC-USD"}, {"trade_id": 848946327, "side": "sell", "size": "0.00833529", "price": "119971.81000000", "time": "2025-07-14T18:22:57.036329Z", "fetched_at": "2025-07-14T18:23:24.661016+00:00", "symbol": "BTC-USD"}, {"trade_id": 848946326, "side": "sell", "size": "0.02791497", "price": "119970.01000000", "time": "2025-07-14T18:22:57.036329Z", "fetched_at": "2025-07-14T18:23:24.661016+00:00", "symbol": "BTC-USD"}, {"trade_id": 848946325, "side": "sell", "size": "0.00008102", "price": "119970.01000000", "time": "2025-07-14T18:22:56.834362Z", "fetched_at": "2025-07-14T18:23:24.661016+00:00", "symbol": "BTC-USD"}, {"trade_id": 848946324, "side": "sell", "size": "0.00206278", "price": "119970.01000000", "time": "2025-07-14T18:22:56.133089Z", "fetched_at": "2025-07-14T18:23:24.661016+00:00", "symbol": "BTC-USD"}, {"trade_id": 848946323, "side": "sell", "size": "0.00107278", "price": "119970.01000000", "time": "2025-07-14T18:22:56.095494Z", "fetched_at": "2025-07-14T18:23:24.661016+00:00", "symbol": "BTC-USD"}, {"trade_id": 848946322, "side": "sell", "size": "0.00003953", "price": "119970.01000000", "time": "2025-07-14T18:22:55.771607Z", "fetched_at": "2025-07-14T18:23:24.661016+00:00", "symbol": "BTC-USD"}, {"trade_id": 848946321, "side": "sell", "size": "0.00405014", "price": "119970.01000000", "time": "2025-07-14T18:22:55.368504Z", "fetched_at": "2025-07-14T18:23:24.661016+00:00", "symbol": "BTC-USD"}, {"trade_id": 848946320, "side": "buy", "size": "0.07623522", "price": "119973.22000000", "time": "2025-07-14T18:22:55.338194Z", "fetched_at": "2025-07-14T18:23:24.661016+00:00", "symbol": "BTC-USD"}, {"trade_id": 848946319, "side": "buy", "size": "0.04400000", "price": "119977.44000000", "time": "2025-07-14T18:22:55.326908Z", "fetched_at": "2025-07-14T18:23:24.661016+00:00", "symbol": "BTC-USD"}, {"trade_id": 848946318, "side": "buy", "size": "0.00833479", "price": "119979.09000000", "time": "2025-07-14T18:22:55.326416Z", "fetched_at": "2025-07-14T18:23:24.661016+00:00", "symbol": "BTC-USD"}, {"trade_id": 848946317, "side": "buy", "size": "0.00387690", "price": "119980.89000000", "time": "2025-07-14T18:22:55.326416Z", "fetched_at": "2025-07-14T18:23:24.661016+00:00", "symbol": "BTC-USD"}, {"trade_id": 848946316, "side": "sell", "size": "0.00550602", "price": "119980.90000000", "time": "2025-07-14T18:22:55.132607Z", "fetched_at": "2025-07-14T18:23:24.661016+00:00", "symbol": "BTC-USD"}, {"trade_id": 848946315, "side": "sell", "size": "0.00723232", "price": "119980.90000000", "time": "2025-07-14T18:22:55.132607Z", "fetched_at": "2025-07-14T18:23:24.661016+00:00", "symbol": "BTC-USD"}, {"trade_id": 848946314, "side": "sell", "size": "0.00826166", "price": "119980.90000000", "time": "2025-07-14T18:22:55.132607Z", "fetched_at": "2025-07-14T18:23:24.661016+00:00", "symbol": "BTC-USD"}, {"trade_id": 848946313, "side": "sell", "size": "0.01582747", "price": "119980.90000000", "time": "2025-07-14T18:22:55.113803Z", "fetched_at": "2025-07-14T18:23:24.661016+00:00", "symbol": "BTC-USD"}, {"trade_id": 848946312, "side": "sell", "size": "0.00723000", "price": "119980.90000000", "time": "2025-07-14T18:22:55.113803Z", "fetched_at": "2025-07-14T18:23:24.661016+00:00", "symbol": "BTC-USD"}, {"trade_id": 848946311, "side": "sell", "size": "0.00206276", "price": "119986.64000000", "time": "2025-07-14T18:22:54.227440Z", "fetched_at": "2025-07-14T18:23:24.661016+00:00", "symbol": "BTC-USD"}, {"trade_id": 848946310, "side": "sell", "size": "0.00162006", "price": "119986.64000000", "time": "2025-07-14T18:22:54.027465Z", "fetched_at": "2025-07-14T18:23:24.661016+00:00", "symbol": "BTC-USD"}, {"trade_id": 848946309, "side": "sell", "size": "0.00005084", "price": "119989.67000000", "time": "2025-07-14T18:22:53.612795Z", "fetched_at": "2025-07-14T18:23:24.661016+00:00", "symbol": "BTC-USD"}, {"trade_id": 848946308, "side": "buy", "size": "0.02832635", "price": "119986.58000000", "time": "2025-07-14T18:22:53.599409Z", "fetched_at": "2025-07-14T18:23:24.661016+00:00", "symbol": "BTC-USD"}, {"trade_id": 848946307, "side": "buy", "size": "0.00000875", "price": "119986.59000000", "time": "2025-07-14T18:22:53.599409Z", "fetched_at": "2025-07-14T18:23:24.661016+00:00", "symbol": "BTC-USD"}, {"trade_id": 848946306, "side": "buy", "size": "0.03000000", "price": "119986.61000000", "time": "2025-07-14T18:22:53.599409Z", "fetched_at": "2025-07-14T18:23:24.661016+00:00", "symbol": "BTC-USD"}, {"trade_id": 848946305, "side": "buy", "size": "0.00003147", "price": "119993.98000000", "time": "2025-07-14T18:22:53.532067Z", "fetched_at": "2025-07-14T18:23:24.661016+00:00", "symbol": "BTC-USD"}, {"trade_id": 848946304, "side": "buy", "size": "0.04000000", "price": "119993.98000000", "time": "2025-07-14T18:22:53.532067Z", "fetched_at": "2025-07-14T18:23:24.661016+00:00", "symbol": "BTC-USD"}, {"trade_id": 848946303, "side": "sell", "size": "0.00276768", "price": "119996.93000000", "time": "2025-07-14T18:22:52.667770Z", "fetched_at": "2025-07-14T18:23:24.661016+00:00", "symbol": "BTC-USD"}, {"trade_id": 848946302, "side": "sell", "size": "0.00007858", "price": "119996.92000000", "time": "2025-07-14T18:22:52.667770Z", "fetched_at": "2025-07-14T18:23:24.661016+00:00", "symbol": "BTC-USD"}, {"trade_id": 848946301, "side": "sell", "size": "0.00008315", "price": "119996.13000000", "time": "2025-07-14T18:22:52.566830Z", "fetched_at": "2025-07-14T18:23:24.661016+00:00", "symbol": "BTC-USD"}, {"trade_id": 848946300, "side": "sell", "size": "0.00007880", "price": "119996.12000000", "time": "2025-07-14T18:22:52.566830Z", "fetched_at": "2025-07-14T18:23:24.661016+00:00", "symbol": "BTC-USD"}, {"trade_id": 848946299, "side": "sell", "size": "0.00330835", "price": "119994.33000000", "time": "2025-07-14T18:22:52.150049Z", "fetched_at": "2025-07-14T18:23:24.661016+00:00", "symbol": "BTC-USD"}, {"trade_id": 848946298, "side": "sell", "size": "0.00154548", "price": "119999.63000000", "time": "2025-07-14T18:22:51.330197Z", "fetched_at": "2025-07-14T18:23:24.661016+00:00", "symbol": "BTC-USD"}, {"trade_id": 848946297, "side": "sell", "size": "0.00007482", "price": "119997.00000000", "time": "2025-07-14T18:22:51.330197Z", "fetched_at": "2025-07-14T18:23:24.661016+00:00", "symbol": "BTC-USD"}, {"trade_id": 848946296, "side": "sell", "size": "0.01615332", "price": "119998.66000000", "time": "2025-07-14T18:22:49.929920Z", "fetched_at": "2025-07-14T18:23:24.661016+00:00", "symbol": "BTC-USD"}, {"trade_id": 848946295, "side": "sell", "size": "0.00001131", "price": "119996.35000000", "time": "2025-07-14T18:22:49.929920Z", "fetched_at": "2025-07-14T18:23:24.661016+00:00", "symbol": "BTC-USD"}, {"trade_id": 848946294, "side": "sell", "size": "0.00003260", "price": "119996.34000000", "time": "2025-07-14T18:22:49.929920Z", "fetched_at": "2025-07-14T18:23:24.661016+00:00", "symbol": "BTC-USD"}, {"trade_id": 848946293, "side": "sell", "size": "0.00004052", "price": "119996.34000000", "time": "2025-07-14T18:22:49.843888Z", "fetched_at": "2025-07-14T18:23:24.661016+00:00", "symbol": "BTC-USD"}, {"trade_id": 848946292, "side": "sell", "size": "0.00000581", "price": "119996.34000000", "time": "2025-07-14T18:22:49.516221Z", "fetched_at": "2025-07-14T18:23:24.661016+00:00", "symbol": "BTC-USD"}, {"trade_id": 848946291, "side": "sell", "size": "0.00002406", "price": "119996.36000000", "time": "2025-07-14T18:22:49.019854Z", "fetched_at": "2025-07-14T18:23:24.661016+00:00", "symbol": "BTC-USD"}, {"trade_id": 848946290, "side": "sell", "size": "0.00007690", "price": "119996.35000000", "time": "2025-07-14T18:22:49.019854Z", "fetched_at": "2025-07-14T18:23:24.661016+00:00", "symbol": "BTC-USD"}, {"trade_id": 848946289, "side": "buy", "size": "0.00026645", "price": "119992.99000000", "time": "2025-07-14T18:22:48.903375Z", "fetched_at": "2025-07-14T18:23:24.661016+00:00", "symbol": "BTC-USD"}, {"trade_id": 848946288, "side": "buy", "size": "0.00001000", "price": "119996.36000000", "time": "2025-07-14T18:22:48.903375Z", "fetched_at": "2025-07-14T18:23:24.661016+00:00", "symbol": "BTC-USD"}, {"trade_id": 848946287, "side": "buy", "size": "0.00008531", "price": "119996.38000000", "time": "2025-07-14T18:22:48.400271Z", "fetched_at": "2025-07-14T18:23:24.661016+00:00", "symbol": "BTC-USD"}, {"trade_id": 848946286, "side": "buy", "size": "0.00833358", "price": "119996.39000000", "time": "2025-07-14T18:22:48.400271Z", "fetched_at": "2025-07-14T18:23:24.661016+00:00", "symbol": "BTC-USD"}, {"trade_id": 848946285, "side": "sell", "size": "0.00168354", "price": "119998.67000000", "time": "2025-07-14T18:22:48.376335Z", "fetched_at": "2025-07-14T18:23:24.661016+00:00", "symbol": "BTC-USD"}, {"trade_id": 848946284, "side": "sell", "size": "0.00001000", "price": "119997.00000000", "time": "2025-07-14T18:22:48.376335Z", "fetched_at": "2025-07-14T18:23:24.661016+00:00", "symbol": "BTC-USD"}, {"trade_id": 848946283, "side": "sell", "size": "0.00003009", "price": "119996.37000000", "time": "2025-07-14T18:22:48.376335Z", "fetched_at": "2025-07-14T18:23:24.661016+00:00", "symbol": "BTC-USD"}, {"trade_id": 848946282, "side": "sell", "size": "0.00001033", "price": "119996.37000000", "time": "2025-07-14T18:22:48.376335Z", "fetched_at": "2025-07-14T18:23:24.661016+00:00", "symbol": "BTC-USD"}, {"trade_id": 848946281, "side": "sell", "size": "0.00231618", "price": "119996.37000000", "time": "2025-07-14T18:22:48.376335Z", "fetched_at": "2025-07-14T18:23:24.661016+00:00", "symbol": "BTC-USD"}, {"trade_id": 848946280, "side": "sell", "size": "0.00412500", "price": "119996.37000000", "time": "2025-07-14T18:22:48.117367Z", "fetched_at": "2025-07-14T18:23:24.661016+00:00", "symbol": "BTC-USD"}, {"trade_id": 848946279, "side": "sell", "size": "0.00002590", "price": "119996.37000000", "time": "2025-07-14T18:22:47.900920Z", "fetched_at": "2025-07-14T18:23:24.661016+00:00", "symbol": "BTC-USD"}, {"trade_id": 848946278, "side": "buy", "size": "0.00022404", "price": "119996.36000000", "time": "2025-07-14T18:22:47.664472Z", "fetched_at": "2025-07-14T18:23:24.661016+00:00", "symbol": "BTC-USD"}, {"trade_id": 848946277, "side": "sell", "size": "0.04124558", "price": "119996.37000000", "time": "2025-07-14T18:22:47.263073Z", "fetched_at": "2025-07-14T18:23:24.661016+00:00", "symbol": "BTC-USD"}, {"trade_id": 848946276, "side": "sell", "size": "0.00008102", "price": "119996.37000000", "time": "2025-07-14T18:22:47.170377Z", "fetched_at": "2025-07-14T18:23:24.661016+00:00", "symbol": "BTC-USD"}, {"trade_id": 848946275, "side": "sell", "size": "0.01043784", "price": "119982.82000000", "time": "2025-07-14T18:22:44.692428Z", "fetched_at": "2025-07-14T18:23:24.661016+00:00", "symbol": "BTC-USD"}, {"trade_id": 848946274, "side": "buy", "size": "0.00109491", "price": "119989.77000000", "time": "2025-07-14T18:22:44.687731Z", "fetched_at": "2025-07-14T18:23:24.661016+00:00", "symbol": "BTC-USD"}, {"trade_id": 848946273, "side": "buy", "size": "0.00089520", "price": "119989.81000000", "time": "2025-07-14T18:22:44.687731Z", "fetched_at": "2025-07-14T18:23:24.661016+00:00", "symbol": "BTC-USD"}, {"trade_id": 848946272, "side": "buy", "size": "0.00083432", "price": "119992.99000000", "time": "2025-07-14T18:22:44.687731Z", "fetched_at": "2025-07-14T18:23:24.661016+00:00", "symbol": "BTC-USD"}, {"trade_id": 848946271, "side": "buy", "size": "0.03500000", "price": "119993.00000000", "time": "2025-07-14T18:22:44.687731Z", "fetched_at": "2025-07-14T18:23:24.661016+00:00", "symbol": "BTC-USD"}, {"trade_id": 848946270, "side": "buy", "size": "0.00548539", "price": "119993.01000000", "time": "2025-07-14T18:22:44.687731Z", "fetched_at": "2025-07-14T18:23:24.661016+00:00", "symbol": "BTC-USD"}, {"trade_id": 848946269, "side": "sell", "size": "0.04960657", "price": "119992.25000000", "time": "2025-07-14T18:22:44.668653Z", "fetched_at": "2025-07-14T18:23:24.661016+00:00", "symbol": "BTC-USD"}, {"trade_id": 848946268, "side": "sell", "size": "0.04148418", "price": "119989.68000000", "time": "2025-07-14T18:22:44.662347Z", "fetched_at": "2025-07-14T18:23:24.661016+00:00", "symbol": "BTC-USD"}, {"trade_id": 848946267, "side": "sell", "size": "0.00001000", "price": "119988.00000000", "time": "2025-07-14T18:22:44.659913Z", "fetched_at": "2025-07-14T18:23:24.661016+00:00", "symbol": "BTC-USD"}, {"trade_id": 848946266, "side": "sell", "size": "0.00007843", "price": "119983.22000000", "time": "2025-07-14T18:22:44.652339Z", "fetched_at": "2025-07-14T18:23:24.661016+00:00", "symbol": "BTC-USD"}, {"trade_id": 848946265, "side": "sell", "size": "0.00007843", "price": "119980.22000000", "time": "2025-07-14T18:22:44.638273Z", "fetched_at": "2025-07-14T18:23:24.661016+00:00", "symbol": "BTC-USD"}, {"trade_id": 848946264, "side": "sell", "size": "0.00007843", "price": "119977.95000000", "time": "2025-07-14T18:22:44.622406Z", "fetched_at": "2025-07-14T18:23:24.661016+00:00", "symbol": "BTC-USD"}, {"trade_id": 848946263, "side": "buy", "size": "0.00016836", "price": "119977.19000000", "time": "2025-07-14T18:22:44.607148Z", "fetched_at": "2025-07-14T18:23:24.661016+00:00", "symbol": "BTC-USD"}, {"trade_id": 848946262, "side": "sell", "size": "0.00007843", "price": "119974.98000000", "time": "2025-07-14T18:22:44.604484Z", "fetched_at": "2025-07-14T18:23:24.661016+00:00", "symbol": "BTC-USD"}, {"trade_id": 848946261, "side": "sell", "size": "0.00003021", "price": "119974.96000000", "time": "2025-07-14T18:22:44.529477Z", "fetched_at": "2025-07-14T18:23:24.661016+00:00", "symbol": "BTC-USD"}, {"trade_id": 848946260, "side": "sell", "size": "0.00003919", "price": "119987.79000000", "time": "2025-07-14T18:22:44.485906Z", "fetched_at": "2025-07-14T18:23:24.661016+00:00", "symbol": "BTC-USD"}, {"trade_id": 848946259, "side": "buy", "size": "0.01683640", "price": "119969.27000000", "time": "2025-07-14T18:22:44.461888Z", "fetched_at": "2025-07-14T18:23:24.661016+00:00", "symbol": "BTC-USD"}, {"trade_id": 848946258, "side": "sell", "size": "0.14688337", "price": "119972.60000000", "time": "2025-07-14T18:22:44.449437Z", "fetched_at": "2025-07-14T18:23:24.661016+00:00", "symbol": "BTC-USD"}, {"trade_id": 848946257, "side": "sell", "size": "0.01711663", "price": "119972.60000000", "time": "2025-07-14T18:22:44.449325Z", "fetched_at": "2025-07-14T18:23:24.661016+00:00", "symbol": "BTC-USD"}, {"trade_id": 848946256, "side": "sell", "size": "0.00833541", "price": "119970.15000000", "time": "2025-07-14T18:22:44.448563Z", "fetched_at": "2025-07-14T18:23:24.661016+00:00", "symbol": "BTC-USD"}, {"trade_id": 848946255, "side": "sell", "size": "0.09707005", "price": "119969.26000000", "time": "2025-07-14T18:22:44.447880Z", "fetched_at": "2025-07-14T18:23:24.661016+00:00", "symbol": "BTC-USD"}, {"trade_id": 848946254, "side": "sell", "size": "0.03500000", "price": "119968.35000000", "time": "2025-07-14T18:22:44.447880Z", "fetched_at": "2025-07-14T18:23:24.661016+00:00", "symbol": "BTC-USD"}, {"trade_id": 848946253, "side": "sell", "size": "0.03038295", "price": "119968.35000000", "time": "2025-07-14T18:22:44.447880Z", "fetched_at": "2025-07-14T18:23:24.661016+00:00", "symbol": "BTC-USD"}, {"trade_id": 848946252, "side": "sell", "size": "0.02355540", "price": "119968.35000000", "time": "2025-07-14T18:22:44.447772Z", "fetched_at": "2025-07-14T18:23:24.661016+00:00", "symbol": "BTC-USD"}, {"trade_id": 848946251, "side": "sell", "size": "0.00002962", "price": "119968.35000000", "time": "2025-07-14T18:22:44.447772Z", "fetched_at": "2025-07-14T18:23:24.661016+00:00", "symbol": "BTC-USD"}, {"trade_id": 848946250, "side": "buy", "size": "0.00005660", "price": "119968.34000000", "time": "2025-07-14T18:22:43.119288Z", "fetched_at": "2025-07-14T18:23:24.661016+00:00", "symbol": "BTC-USD"}, {"trade_id": 848946249, "side": "buy", "size": "0.00000440", "price": "119968.34000000", "time": "2025-07-14T18:22:42.745754Z", "fetched_at": "2025-07-14T18:23:24.661016+00:00", "symbol": "BTC-USD"}, {"trade_id": 848946248, "side": "buy", "size": "0.00022392", "price": "119968.34000000", "time": "2025-07-14T18:22:42.486155Z", "fetched_at": "2025-07-14T18:23:24.661016+00:00", "symbol": "BTC-USD"}, {"trade_id": 848946247, "side": "sell", "size": "0.00000376", "price": "119969.25000000", "time": "2025-07-14T18:22:42.433726Z", "fetched_at": "2025-07-14T18:23:24.661016+00:00", "symbol": "BTC-USD"}, {"trade_id": 848946246, "side": "sell", "size": "0.00374904", "price": "119969.25000000", "time": "2025-07-14T18:22:41.994601Z", "fetched_at": "2025-07-14T18:23:24.661016+00:00", "symbol": "BTC-USD"}, {"trade_id": 848946245, "side": "sell", "size": "0.00202514", "price": "119969.24000000", "time": "2025-07-14T18:22:41.721612Z", "fetched_at": "2025-07-14T18:23:24.661016+00:00", "symbol": "BTC-USD"}, {"trade_id": 848946244, "side": "sell", "size": "0.00032376", "price": "119969.26000000", "time": "2025-07-14T18:22:41.606952Z", "fetched_at": "2025-07-14T18:23:24.661016+00:00", "symbol": "BTC-USD"}, {"trade_id": 848946243, "side": "sell", "size": "0.00001034", "price": "119969.26000000", "time": "2025-07-14T18:22:41.606952Z", "fetched_at": "2025-07-14T18:23:24.661016+00:00", "symbol": "BTC-USD"}, {"trade_id": 848946242, "side": "sell", "size": "0.00001247", "price": "119969.25000000", "time": "2025-07-14T18:22:41.219502Z", "fetched_at": "2025-07-14T18:23:24.661016+00:00", "symbol": "BTC-USD"}, {"trade_id": 848946241, "side": "sell", "size": "0.00000197", "price": "119969.25000000", "time": "2025-07-14T18:22:41.219502Z", "fetched_at": "2025-07-14T18:23:24.661016+00:00", "symbol": "BTC-USD"}, {"trade_id": 848946240, "side": "sell", "size": "0.00008250", "price": "119969.26000000", "time": "2025-07-14T18:22:40.994794Z", "fetched_at": "2025-07-14T18:23:24.661016+00:00", "symbol": "BTC-USD"}, {"trade_id": 848946239, "side": "sell", "size": "0.01660424", "price": "119969.26000000", "time": "2025-07-14T18:22:40.959304Z", "fetched_at": "2025-07-14T18:23:24.661016+00:00", "symbol": "BTC-USD"}, {"trade_id": 848946238, "side": "sell", "size": "0.00007894", "price": "119969.25000000", "time": "2025-07-14T18:22:40.959304Z", "fetched_at": "2025-07-14T18:23:24.661016+00:00", "symbol": "BTC-USD"}, {"trade_id": 848946237, "side": "sell", "size": "0.00000664", "price": "119968.31000000", "time": "2025-07-14T18:22:40.959304Z", "fetched_at": "2025-07-14T18:23:24.661016+00:00", "symbol": "BTC-USD"}, {"trade_id": 848946236, "side": "sell", "size": "0.03078248", "price": "119968.31000000", "time": "2025-07-14T18:22:40.959304Z", "fetched_at": "2025-07-14T18:23:24.661016+00:00", "symbol": "BTC-USD"}, {"trade_id": 848946235, "side": "sell", "size": "0.05879469", "price": "119968.31000000", "time": "2025-07-14T18:22:40.959304Z", "fetched_at": "2025-07-14T18:23:24.661016+00:00", "symbol": "BTC-USD"}, {"trade_id": 848946234, "side": "sell", "size": "0.00081015", "price": "119968.31000000", "time": "2025-07-14T18:22:40.705826Z", "fetched_at": "2025-07-14T18:23:24.661016+00:00", "symbol": "BTC-USD"}, {"trade_id": 848946233, "side": "sell", "size": "0.00415070", "price": "119968.31000000", "time": "2025-07-14T18:22:40.508152Z", "fetched_at": "2025-07-14T18:23:24.661016+00:00", "symbol": "BTC-USD"}, {"trade_id": 848946232, "side": "sell", "size": "0.00000664", "price": "119968.31000000", "time": "2025-07-14T18:22:40.508152Z", "fetched_at": "2025-07-14T18:23:24.661016+00:00", "symbol": "BTC-USD"}, {"trade_id": 848946231, "side": "buy", "size": "0.00200000", "price": "119968.30000000", "time": "2025-07-14T18:22:39.978424Z", "fetched_at": "2025-07-14T18:23:24.661016+00:00", "symbol": "BTC-USD"}, {"trade_id": 848946230, "side": "sell", "size": "0.02831864", "price": "119969.26000000", "time": "2025-07-14T18:22:39.349466Z", "fetched_at": "2025-07-14T18:23:24.661016+00:00", "symbol": "BTC-USD"}, {"trade_id": 848946229, "side": "sell", "size": "0.00337423", "price": "119969.24000000", "time": "2025-07-14T18:22:39.349466Z", "fetched_at": "2025-07-14T18:23:24.661016+00:00", "symbol": "BTC-USD"}, {"trade_id": 848946228, "side": "sell", "size": "0.00007894", "price": "119968.31000000", "time": "2025-07-14T18:22:39.349466Z", "fetched_at": "2025-07-14T18:23:24.661016+00:00", "symbol": "BTC-USD"}, {"trade_id": 848946227, "side": "sell", "size": "0.00040508", "price": "119969.53000000", "time": "2025-07-14T18:22:38.686861Z", "fetched_at": "2025-07-14T18:23:24.661016+00:00", "symbol": "BTC-USD"}, {"trade_id": 848946226, "side": "sell", "size": "0.00016200", "price": "119969.56000000", "time": "2025-07-14T18:22:38.564914Z", "fetched_at": "2025-07-14T18:23:24.661016+00:00", "symbol": "BTC-USD"}, {"trade_id": 848946225, "side": "buy", "size": "0.00025449", "price": "119968.28000000", "time": "2025-07-14T18:22:38.087709Z", "fetched_at": "2025-07-14T18:23:24.661016+00:00", "symbol": "BTC-USD"}, {"trade_id": 848946224, "side": "buy", "size": "0.00000683", "price": "119978.12000000", "time": "2025-07-14T18:22:38.087709Z", "fetched_at": "2025-07-14T18:23:24.661016+00:00", "symbol": "BTC-USD"}, {"trade_id": 848946223, "side": "buy", "size": "0.00001266", "price": "119978.12000000", "time": "2025-07-14T18:22:38.087709Z", "fetched_at": "2025-07-14T18:23:24.661016+00:00", "symbol": "BTC-USD"}, {"trade_id": 848946222, "side": "buy", "size": "0.00833480", "price": "119978.90000000", "time": "2025-07-14T18:22:37.983594Z", "fetched_at": "2025-07-14T18:23:24.661016+00:00", "symbol": "BTC-USD"}, {"trade_id": 848946221, "side": "buy", "size": "0.03232049", "price": "119980.69000000", "time": "2025-07-14T18:22:37.980210Z", "fetched_at": "2025-07-14T18:23:24.661016+00:00", "symbol": "BTC-USD"}, {"trade_id": 848946220, "side": "buy", "size": "0.04400000", "price": "119980.70000000", "time": "2025-07-14T18:22:37.980210Z", "fetched_at": "2025-07-14T18:23:24.661016+00:00", "symbol": "BTC-USD"}, {"trade_id": 848946219, "side": "buy", "size": "0.00001200", "price": "119980.70000000", "time": "2025-07-14T18:22:37.980210Z", "fetched_at": "2025-07-14T18:23:24.661016+00:00", "symbol": "BTC-USD"}, {"trade_id": 848946218, "side": "buy", "size": "0.02800000", "price": "119980.73000000", "time": "2025-07-14T18:22:37.980210Z", "fetched_at": "2025-07-14T18:23:24.661016+00:00", "symbol": "BTC-USD"}, {"trade_id": 848946217, "side": "sell", "size": "0.00100000", "price": "119980.71000000", "time": "2025-07-14T18:22:37.780255Z", "fetched_at": "2025-07-14T18:23:24.661016+00:00", "symbol": "BTC-USD"}, {"trade_id": 848946216, "side": "sell", "size": "0.00081015", "price": "119980.71000000", "time": "2025-07-14T18:22:37.698831Z", "fetched_at": "2025-07-14T18:23:24.661016+00:00", "symbol": "BTC-USD"}, {"trade_id": 848946215, "side": "sell", "size": "0.00023000", "price": "119983.50000000", "time": "2025-07-14T18:22:37.430707Z", "fetched_at": "2025-07-14T18:23:24.661016+00:00", "symbol": "BTC-USD"}, {"trade_id": 848946214, "side": "sell", "size": "0.00162016", "price": "119983.50000000", "time": "2025-07-14T18:22:36.938455Z", "fetched_at": "2025-07-14T18:23:24.661016+00:00", "symbol": "BTC-USD"}, {"trade_id": 848946213, "side": "sell", "size": "0.00015214", "price": "119983.50000000", "time": "2025-07-14T18:22:36.809869Z", "fetched_at": "2025-07-14T18:23:24.661016+00:00", "symbol": "BTC-USD"}, {"trade_id": 848946212, "side": "sell", "size": "0.00001033", "price": "119983.49000000", "time": "2025-07-14T18:22:36.809869Z", "fetched_at": "2025-07-14T18:23:24.661016+00:00", "symbol": "BTC-USD"}, {"trade_id": 848946211, "side": "sell", "size": "0.00080672", "price": "119983.27000000", "time": "2025-07-14T18:22:35.820844Z", "fetched_at": "2025-07-14T18:23:24.661016+00:00", "symbol": "BTC-USD"}, {"trade_id": 848946210, "side": "sell", "size": "0.00006310", "price": "119978.13000000", "time": "2025-07-14T18:22:35.820844Z", "fetched_at": "2025-07-14T18:23:24.661016+00:00", "symbol": "BTC-USD"}, {"trade_id": 848946209, "side": "sell", "size": "0.00000008", "price": "119983.50000000", "time": "2025-07-14T18:22:35.212494Z", "fetched_at": "2025-07-14T18:23:24.661016+00:00", "symbol": "BTC-USD"}, {"trade_id": 848946208, "side": "sell", "size": "0.03830588", "price": "119983.52000000", "time": "2025-07-14T18:22:35.186186Z", "fetched_at": "2025-07-14T18:23:24.661016+00:00", "symbol": "BTC-USD"}, {"trade_id": 848946207, "side": "sell", "size": "0.00080502", "price": "119983.52000000", "time": "2025-07-14T18:22:35.186186Z", "fetched_at": "2025-07-14T18:23:24.661016+00:00", "symbol": "BTC-USD"}, {"trade_id": 848946206, "side": "sell", "size": "0.00026288", "price": "119983.50000000", "time": "2025-07-14T18:22:35.186186Z", "fetched_at": "2025-07-14T18:23:24.661016+00:00", "symbol": "BTC-USD"}, {"trade_id": 848946205, "side": "sell", "size": "0.00106108", "price": "119981.72000000", "time": "2025-07-14T18:22:35.186186Z", "fetched_at": "2025-07-14T18:23:24.661016+00:00", "symbol": "BTC-USD"}, {"trade_id": 848946204, "side": "sell", "size": "0.00006899", "price": "119981.71000000", "time": "2025-07-14T18:22:35.186186Z", "fetched_at": "2025-07-14T18:23:24.661016+00:00", "symbol": "BTC-USD"}, {"trade_id": 848946203, "side": "buy", "size": "0.00004167", "price": "119972.73000000", "time": "2025-07-14T18:22:35.123012Z", "fetched_at": "2025-07-14T18:23:24.661016+00:00", "symbol": "BTC-USD"}, {"trade_id": 848946202, "side": "buy", "size": "0.03586871", "price": "119966.87000000", "time": "2025-07-14T18:22:35.062568Z", "fetched_at": "2025-07-14T18:23:24.661016+00:00", "symbol": "BTC-USD"}, {"trade_id": 848946201, "side": "buy", "size": "0.00031650", "price": "119973.14000000", "time": "2025-07-14T18:22:35.062568Z", "fetched_at": "2025-07-14T18:23:24.661016+00:00", "symbol": "BTC-USD"}, {"trade_id": 848946200, "side": "buy", "size": "0.01381479", "price": "119979.70000000", "time": "2025-07-14T18:22:35.062568Z", "fetched_at": "2025-07-14T18:23:24.661016+00:00", "symbol": "BTC-USD"}, {"trade_id": 848946199, "side": "buy", "size": "0.00257167", "price": "119979.70000000", "time": "2025-07-14T18:22:35.061889Z", "fetched_at": "2025-07-14T18:23:24.661016+00:00", "symbol": "BTC-USD"}, {"trade_id": 848946198, "side": "buy", "size": "0.00833470", "price": "119980.27000000", "time": "2025-07-14T18:22:35.061889Z", "fetched_at": "2025-07-14T18:23:24.661016+00:00", "symbol": "BTC-USD"}, {"trade_id": 848946197, "side": "buy", "size": "0.00333386", "price": "119981.89000000", "time": "2025-07-14T18:22:35.061889Z", "fetched_at": "2025-07-14T18:23:24.661016+00:00", "symbol": "BTC-USD"}, {"trade_id": 848946196, "side": "buy", "size": "0.03575977", "price": "119984.72000000", "time": "2025-07-14T18:22:35.061889Z", "fetched_at": "2025-07-14T18:23:24.661016+00:00", "symbol": "BTC-USD"}, {"trade_id": 848946195, "side": "sell", "size": "0.00001400", "price": "119984.97000000", "time": "2025-07-14T18:22:35.058752Z", "fetched_at": "2025-07-14T18:23:24.661016+00:00", "symbol": "BTC-USD"}, {"trade_id": 848946194, "side": "buy", "size": "0.04300000", "price": "119998.36000000", "time": "2025-07-14T18:22:34.947857Z", "fetched_at": "2025-07-14T18:23:24.661016+00:00", "symbol": "BTC-USD"}, {"trade_id": 848946193, "side": "buy", "size": "0.00000691", "price": "119999.97000000", "time": "2025-07-14T18:22:34.947857Z", "fetched_at": "2025-07-14T18:23:24.661016+00:00", "symbol": "BTC-USD"}, {"trade_id": 848946192, "side": "buy", "size": "0.00833289", "price": "120006.42000000", "time": "2025-07-14T18:22:34.706482Z", "fetched_at": "2025-07-14T18:23:24.661016+00:00", "symbol": "BTC-USD"}, {"trade_id": 848946191, "side": "buy", "size": "0.04800000", "price": "120007.50000000", "time": "2025-07-14T18:22:34.706482Z", "fetched_at": "2025-07-14T18:23:24.661016+00:00", "symbol": "BTC-USD"}, {"trade_id": 848946190, "side": "buy", "size": "0.00001274", "price": "120009.30000000", "time": "2025-07-14T18:22:34.706482Z", "fetched_at": "2025-07-14T18:23:24.661016+00:00", "symbol": "BTC-USD"}, {"trade_id": 848946189, "side": "buy", "size": "0.00001800", "price": "120012.86000000", "time": "2025-07-14T18:22:34.706482Z", "fetched_at": "2025-07-14T18:23:24.661016+00:00", "symbol": "BTC-USD"}, {"trade_id": 848946188, "side": "sell", "size": "0.00003920", "price": "120012.87000000", "time": "2025-07-14T18:22:34.135795Z", "fetched_at": "2025-07-14T18:23:24.661016+00:00", "symbol": "BTC-USD"}, {"trade_id": 848946187, "side": "sell", "size": "0.00016817", "price": "120025.65000000", "time": "2025-07-14T18:22:33.244716Z", "fetched_at": "2025-07-14T18:23:24.661016+00:00", "symbol": "BTC-USD"}, {"trade_id": 848946186, "side": "sell", "size": "0.00006903", "price": "120025.64000000", "time": "2025-07-14T18:22:33.244716Z", "fetched_at": "2025-07-14T18:23:24.661016+00:00", "symbol": "BTC-USD"}, {"trade_id": 848946185, "side": "sell", "size": "0.00004125", "price": "120025.63000000", "time": "2025-07-14T18:22:32.911159Z", "fetched_at": "2025-07-14T18:23:24.661016+00:00", "symbol": "BTC-USD"}, {"trade_id": 848946184, "side": "sell", "size": "0.00007296", "price": "120026.14000000", "time": "2025-07-14T18:22:32.839521Z", "fetched_at": "2025-07-14T18:23:24.661016+00:00", "symbol": "BTC-USD"}, {"trade_id": 848946183, "side": "sell", "size": "0.00006903", "price": "120026.13000000", "time": "2025-07-14T18:22:32.839521Z", "fetched_at": "2025-07-14T18:23:24.661016+00:00", "symbol": "BTC-USD"}, {"trade_id": 848946182, "side": "sell", "size": "0.00001000", "price": "120025.49000000", "time": "2025-07-14T18:22:32.839521Z", "fetched_at": "2025-07-14T18:23:24.661016+00:00", "symbol": "BTC-USD"}, {"trade_id": 848946181, "side": "sell", "size": "0.00001000", "price": "120016.50000000", "time": "2025-07-14T18:22:32.839521Z", "fetched_at": "2025-07-14T18:23:24.661016+00:00", "symbol": "BTC-USD"}, {"trade_id": 848946180, "side": "sell", "size": "0.00833269", "price": "120009.31000000", "time": "2025-07-14T18:22:32.289161Z", "fetched_at": "2025-07-14T18:23:24.661016+00:00", "symbol": "BTC-USD"}, {"trade_id": 848946179, "side": "sell", "size": "0.00001034", "price": "120007.51000000", "time": "2025-07-14T18:22:32.277498Z", "fetched_at": "2025-07-14T18:23:24.661016+00:00", "symbol": "BTC-USD"}, {"trade_id": 848946178, "side": "sell", "size": "0.06366686", "price": "120007.51000000", "time": "2025-07-14T18:22:32.277498Z", "fetched_at": "2025-07-14T18:23:24.661016+00:00", "symbol": "BTC-USD"}, {"trade_id": 848946177, "side": "sell", "size": "0.00008251", "price": "120007.51000000", "time": "2025-07-14T18:22:32.243961Z", "fetched_at": "2025-07-14T18:23:24.661016+00:00", "symbol": "BTC-USD"}, {"trade_id": 848946176, "side": "buy", "size": "0.00257858", "price": "120007.50000000", "time": "2025-07-14T18:22:31.812575Z", "fetched_at": "2025-07-14T18:23:24.661016+00:00", "symbol": "BTC-USD"}, {"trade_id": 848946175, "side": "buy", "size": "0.00004360", "price": "120007.50000000", "time": "2025-07-14T18:22:31.513801Z", "fetched_at": "2025-07-14T18:23:24.661016+00:00", "symbol": "BTC-USD"}, {"trade_id": 848946174, "side": "sell", "size": "0.00081015", "price": "120007.51000000", "time": "2025-07-14T18:22:31.501263Z", "fetched_at": "2025-07-14T18:23:24.661016+00:00", "symbol": "BTC-USD"}, {"trade_id": 848946173, "side": "sell", "size": "0.00002953", "price": "120007.51000000", "time": "2025-07-14T18:22:31.202058Z", "fetched_at": "2025-07-14T18:23:24.661016+00:00", "symbol": "BTC-USD"}, {"trade_id": 848946172, "side": "sell", "size": "0.00001000", "price": "120007.51000000", "time": "2025-07-14T18:22:31.202058Z", "fetched_at": "2025-07-14T18:23:24.661016+00:00", "symbol": "BTC-USD"}, {"trade_id": 848946171, "side": "sell", "size": "0.00833321", "price": "120001.78000000", "time": "2025-07-14T18:22:30.922188Z", "fetched_at": "2025-07-14T18:23:24.661016+00:00", "symbol": "BTC-USD"}, {"trade_id": 848946170, "side": "sell", "size": "0.00086331", "price": "120001.44000000", "time": "2025-07-14T18:22:30.922188Z", "fetched_at": "2025-07-14T18:23:24.661016+00:00", "symbol": "BTC-USD"}, {"trade_id": 848946169, "side": "sell", "size": "0.02457309", "price": "120000.00000000", "time": "2025-07-14T18:22:30.917071Z", "fetched_at": "2025-07-14T18:23:24.661016+00:00", "symbol": "BTC-USD"}, {"trade_id": 848946168, "side": "sell", "size": "0.00620567", "price": "120000.00000000", "time": "2025-07-14T18:22:30.916766Z", "fetched_at": "2025-07-14T18:23:24.661016+00:00", "symbol": "BTC-USD"}, {"trade_id": 848946167, "side": "sell", "size": "0.01345341", "price": "120000.00000000", "time": "2025-07-14T18:22:30.916635Z", "fetched_at": "2025-07-14T18:23:24.661016+00:00", "symbol": "BTC-USD"}, {"trade_id": 848946166, "side": "sell", "size": "0.00000208", "price": "120000.00000000", "time": "2025-07-14T18:22:30.916635Z", "fetched_at": "2025-07-14T18:23:24.661016+00:00", "symbol": "BTC-USD"}, {"trade_id": 848946165, "side": "sell", "size": "0.00032630", "price": "120000.00000000", "time": "2025-07-14T18:22:30.916635Z", "fetched_at": "2025-07-14T18:23:24.661016+00:00", "symbol": "BTC-USD"}, {"trade_id": 848946164, "side": "sell", "size": "0.03647184", "price": "120000.00000000", "time": "2025-07-14T18:22:30.916635Z", "fetched_at": "2025-07-14T18:23:24.661016+00:00", "symbol": "BTC-USD"}, {"trade_id": 848946163, "side": "sell", "size": "0.04824997", "price": "120000.00000000", "time": "2025-07-14T18:22:30.916529Z", "fetched_at": "2025-07-14T18:23:24.661016+00:00", "symbol": "BTC-USD"}, {"trade_id": 848946162, "side": "sell", "size": "0.01480563", "price": "120000.00000000", "time": "2025-07-14T18:22:30.916474Z", "fetched_at": "2025-07-14T18:23:24.661016+00:00", "symbol": "BTC-USD"}, {"trade_id": 848946161, "side": "sell", "size": "0.01880589", "price": "120000.00000000", "time": "2025-07-14T18:22:30.916029Z", "fetched_at": "2025-07-14T18:23:24.661016+00:00", "symbol": "BTC-USD"}, {"trade_id": 848946160, "side": "sell", "size": "0.00243962", "price": "120000.00000000", "time": "2025-07-14T18:22:30.916029Z", "fetched_at": "2025-07-14T18:23:24.661016+00:00", "symbol": "BTC-USD"}, {"trade_id": 848946159, "side": "sell", "size": "0.01544161", "price": "120000.00000000", "time": "2025-07-14T18:22:30.915398Z", "fetched_at": "2025-07-14T18:23:24.661016+00:00", "symbol": "BTC-USD"}, {"trade_id": 848946158, "side": "sell", "size": "0.00834650", "price": "120000.00000000", "time": "2025-07-14T18:22:30.914330Z", "fetched_at": "2025-07-14T18:23:24.661016+00:00", "symbol": "BTC-USD"}, {"trade_id": 848946157, "side": "sell", "size": "0.01090335", "price": "120000.00000000", "time": "2025-07-14T18:22:30.913279Z", "fetched_at": "2025-07-14T18:23:24.661016+00:00", "symbol": "BTC-USD"}, {"trade_id": 848946156, "side": "sell", "size": "0.00731692", "price": "120000.00000000", "time": "2025-07-14T18:22:30.912871Z", "fetched_at": "2025-07-14T18:23:24.661016+00:00", "symbol": "BTC-USD"}, {"trade_id": 848946155, "side": "sell", "size": "0.00780408", "price": "120000.00000000", "time": "2025-07-14T18:22:30.912871Z", "fetched_at": "2025-07-14T18:23:24.661016+00:00", "symbol": "BTC-USD"}, {"trade_id": 848946154, "side": "sell", "size": "0.00200000", "price": "120000.00000000", "time": "2025-07-14T18:22:30.912871Z", "fetched_at": "2025-07-14T18:23:24.661016+00:00", "symbol": "BTC-USD"}, {"trade_id": 848946153, "side": "sell", "size": "0.00064896", "price": "120000.00000000", "time": "2025-07-14T18:22:30.912871Z", "fetched_at": "2025-07-14T18:23:24.661016+00:00", "symbol": "BTC-USD"}, {"trade_id": 848946152, "side": "sell", "size": "0.04277347", "price": "120000.00000000", "time": "2025-07-14T18:22:30.909207Z", "fetched_at": "2025-07-14T18:23:24.661016+00:00", "symbol": "BTC-USD"}, {"trade_id": 848946151, "side": "sell", "size": "0.00657757", "price": "120000.00000000", "time": "2025-07-14T18:22:30.908616Z", "fetched_at": "2025-07-14T18:23:24.661016+00:00", "symbol": "BTC-USD"}, {"trade_id": 848946150, "side": "sell", "size": "0.01159639", "price": "120000.00000000", "time": "2025-07-14T18:22:30.908616Z", "fetched_at": "2025-07-14T18:23:24.661016+00:00", "symbol": "BTC-USD"}, {"trade_id": 848946149, "side": "sell", "size": "0.00227112", "price": "120000.00000000", "time": "2025-07-14T18:22:30.902361Z", "fetched_at": "2025-07-14T18:23:24.661016+00:00", "symbol": "BTC-USD"}, {"trade_id": 848946148, "side": "sell", "size": "0.01163406", "price": "120000.00000000", "time": "2025-07-14T18:22:30.902361Z", "fetched_at": "2025-07-14T18:23:24.661016+00:00", "symbol": "BTC-USD"}, {"trade_id": 848946147, "side": "sell", "size": "0.05036925", "price": "120000.00000000", "time": "2025-07-14T18:22:30.898314Z", "fetched_at": "2025-07-14T18:23:24.661016+00:00", "symbol": "BTC-USD"}, {"trade_id": 848946146, "side": "sell", "size": "0.01408844", "price": "120000.00000000", "time": "2025-07-14T18:22:30.894438Z", "fetched_at": "2025-07-14T18:23:24.661016+00:00", "symbol": "BTC-USD"}, {"trade_id": 848946145, "side": "sell", "size": "0.02263907", "price": "120000.00000000", "time": "2025-07-14T18:22:30.890768Z", "fetched_at": "2025-07-14T18:23:24.661016+00:00", "symbol": "BTC-USD"}, {"trade_id": 848946144, "side": "sell", "size": "0.04185310", "price": "120000.00000000", "time": "2025-07-14T18:22:30.886751Z", "fetched_at": "2025-07-14T18:23:24.661016+00:00", "symbol": "BTC-USD"}, {"trade_id": 848946143, "side": "sell", "size": "0.01851500", "price": "120000.00000000", "time": "2025-07-14T18:22:30.883666Z", "fetched_at": "2025-07-14T18:23:24.661016+00:00", "symbol": "BTC-USD"}, {"trade_id": 848946142, "side": "sell", "size": "0.00965108", "price": "120000.00000000", "time": "2025-07-14T18:22:30.871793Z", "fetched_at": "2025-07-14T18:23:24.661016+00:00", "symbol": "BTC-USD"}, {"trade_id": 848946141, "side": "sell", "size": "0.00987378", "price": "120000.00000000", "time": "2025-07-14T18:22:30.871793Z", "fetched_at": "2025-07-14T18:23:24.661016+00:00", "symbol": "BTC-USD"}, {"trade_id": 848946140, "side": "sell", "size": "0.00597360", "price": "120000.00000000", "time": "2025-07-14T18:22:30.857118Z", "fetched_at": "2025-07-14T18:23:24.661016+00:00", "symbol": "BTC-USD"}, {"trade_id": 848946139, "side": "sell", "size": "0.01181232", "price": "120000.00000000", "time": "2025-07-14T18:22:30.851538Z", "fetched_at": "2025-07-14T18:23:24.661016+00:00", "symbol": "BTC-USD"}, {"trade_id": 848946138, "side": "sell", "size": "0.01656577", "price": "120000.00000000", "time": "2025-07-14T18:22:30.835702Z", "fetched_at": "2025-07-14T18:23:24.661016+00:00", "symbol": "BTC-USD"}, {"trade_id": 848946137, "side": "sell", "size": "0.01438257", "price": "120000.00000000", "time": "2025-07-14T18:22:30.815854Z", "fetched_at": "2025-07-14T18:23:24.661016+00:00", "symbol": "BTC-USD"}, {"trade_id": 848946136, "side": "sell", "size": "0.01034966", "price": "120000.00000000", "time": "2025-07-14T18:22:30.798494Z", "fetched_at": "2025-07-14T18:23:24.661016+00:00", "symbol": "BTC-USD"}, {"trade_id": 848946135, "side": "sell", "size": "0.00566314", "price": "120000.00000000", "time": "2025-07-14T18:22:30.780271Z", "fetched_at": "2025-07-14T18:23:24.661016+00:00", "symbol": "BTC-USD"}, {"trade_id": 848946134, "side": "sell", "size": "0.03398295", "price": "120000.00000000", "time": "2025-07-14T18:22:30.776191Z", "fetched_at": "2025-07-14T18:23:24.661016+00:00", "symbol": "BTC-USD"}, {"trade_id": 848946133, "side": "sell", "size": "0.00929169", "price": "120000.00000000", "time": "2025-07-14T18:22:30.734737Z", "fetched_at": "2025-07-14T18:23:24.661016+00:00", "symbol": "BTC-USD"}, {"trade_id": 848946132, "side": "sell", "size": "0.02275273", "price": "120000.00000000", "time": "2025-07-14T18:22:30.677738Z", "fetched_at": "2025-07-14T18:23:24.661016+00:00", "symbol": "BTC-USD"}, {"trade_id": 848946131, "side": "sell", "size": "0.00807406", "price": "120000.00000000", "time": "2025-07-14T18:22:30.652055Z", "fetched_at": "2025-07-14T18:23:24.661016+00:00", "symbol": "BTC-USD"}, {"trade_id": 848946130, "side": "sell", "size": "0.04597640", "price": "120000.00000000", "time": "2025-07-14T18:22:30.642235Z", "fetched_at": "2025-07-14T18:23:24.661016+00:00", "symbol": "BTC-USD"}, {"trade_id": 848946129, "side": "sell", "size": "0.06192313", "price": "120000.00000000", "time": "2025-07-14T18:22:30.638341Z", "fetched_at": "2025-07-14T18:23:24.661016+00:00", "symbol": "BTC-USD"}, {"trade_id": 848946128, "side": "sell", "size": "0.01324714", "price": "120000.00000000", "time": "2025-07-14T18:22:30.633904Z", "fetched_at": "2025-07-14T18:23:24.661016+00:00", "symbol": "BTC-USD"}, {"trade_id": 848946127, "side": "sell", "size": "0.05785100", "price": "120000.00000000", "time": "2025-07-14T18:22:30.498935Z", "fetched_at": "2025-07-14T18:23:24.661016+00:00", "symbol": "BTC-USD"}, {"trade_id": 848946126, "side": "sell", "size": "0.01435490", "price": "120000.00000000", "time": "2025-07-14T18:22:30.495865Z", "fetched_at": "2025-07-14T18:23:24.661016+00:00", "symbol": "BTC-USD"}, {"trade_id": 848946125, "side": "sell", "size": "0.01928041", "price": "120000.00000000", "time": "2025-07-14T18:22:30.491710Z", "fetched_at": "2025-07-14T18:23:24.661016+00:00", "symbol": "BTC-USD"}, {"trade_id": 848946124, "side": "buy", "size": "0.00382236", "price": "119999.99000000", "time": "2025-07-14T18:22:30.487678Z", "fetched_at": "2025-07-14T18:23:24.661016+00:00", "symbol": "BTC-USD"}, {"trade_id": 848946123, "side": "sell", "size": "0.01250727", "price": "120000.00000000", "time": "2025-07-14T18:22:30.468710Z", "fetched_at": "2025-07-14T18:23:24.661016+00:00", "symbol": "BTC-USD"}, {"trade_id": 848946122, "side": "sell", "size": "0.00905220", "price": "120000.00000000", "time": "2025-07-14T18:22:30.454350Z", "fetched_at": "2025-07-14T18:23:24.661016+00:00", "symbol": "BTC-USD"}, {"trade_id": 848946121, "side": "sell", "size": "0.00880191", "price": "120000.00000000", "time": "2025-07-14T18:22:30.442796Z", "fetched_at": "2025-07-14T18:23:24.661016+00:00", "symbol": "BTC-USD"}, {"trade_id": 848946120, "side": "sell", "size": "0.01533931", "price": "120000.00000000", "time": "2025-07-14T18:22:30.432262Z", "fetched_at": "2025-07-14T18:23:24.661016+00:00", "symbol": "BTC-USD"}, {"trade_id": 848946119, "side": "sell", "size": "0.16742627", "price": "120000.00000000", "time": "2025-07-14T18:22:30.174482Z", "fetched_at": "2025-07-14T18:23:24.661016+00:00", "symbol": "BTC-USD"}, {"trade_id": 848946118, "side": "sell", "size": "0.01597240", "price": "120000.00000000", "time": "2025-07-14T18:22:30.170498Z", "fetched_at": "2025-07-14T18:23:24.661016+00:00", "symbol": "BTC-USD"}, {"trade_id": 848946117, "side": "sell", "size": "0.01880900", "price": "120000.00000000", "time": "2025-07-14T18:22:30.165383Z", "fetched_at": "2025-07-14T18:23:24.661016+00:00", "symbol": "BTC-USD"}, {"trade_id": 848946116, "side": "sell", "size": "0.01391080", "price": "120000.00000000", "time": "2025-07-14T18:22:30.161558Z", "fetched_at": "2025-07-14T18:23:24.661016+00:00", "symbol": "BTC-USD"}, {"trade_id": 848946115, "side": "sell", "size": "0.04082057", "price": "120000.00000000", "time": "2025-07-14T18:22:30.156718Z", "fetched_at": "2025-07-14T18:23:24.661016+00:00", "symbol": "BTC-USD"}, {"trade_id": 848946114, "side": "sell", "size": "0.09077514", "price": "120000.00000000", "time": "2025-07-14T18:22:30.150617Z", "fetched_at": "2025-07-14T18:23:24.661016+00:00", "symbol": "BTC-USD"}, {"trade_id": 848946113, "side": "sell", "size": "0.00015813", "price": "120000.00000000", "time": "2025-07-14T18:22:30.144894Z", "fetched_at": "2025-07-14T18:23:24.661016+00:00", "symbol": "BTC-USD"}, {"trade_id": 848946112, "side": "sell", "size": "0.00316295", "price": "120000.00000000", "time": "2025-07-14T18:22:29.922879Z", "fetched_at": "2025-07-14T18:23:24.661016+00:00", "symbol": "BTC-USD"}, {"trade_id": 848946111, "side": "sell", "size": "0.03244025", "price": "120000.00000000", "time": "2025-07-14T18:22:29.878597Z", "fetched_at": "2025-07-14T18:23:24.661016+00:00", "symbol": "BTC-USD"}, {"trade_id": 848946110, "side": "sell", "size": "0.00016507", "price": "120000.00000000", "time": "2025-07-14T18:22:29.871698Z", "fetched_at": "2025-07-14T18:23:24.661016+00:00", "symbol": "BTC-USD"}, {"trade_id": 848946109, "side": "sell", "size": "0.01454050", "price": "120000.00000000", "time": "2025-07-14T18:22:29.827026Z", "fetched_at": "2025-07-14T18:23:24.661016+00:00", "symbol": "BTC-USD"}, {"trade_id": 848946108, "side": "sell", "size": "0.01852471", "price": "120000.00000000", "time": "2025-07-14T18:22:29.797188Z", "fetched_at": "2025-07-14T18:23:24.661016+00:00", "symbol": "BTC-USD"}, {"trade_id": 848946107, "side": "sell", "size": "0.01269956", "price": "120000.00000000", "time": "2025-07-14T18:22:29.794289Z", "fetched_at": "2025-07-14T18:23:24.661016+00:00", "symbol": "BTC-USD"}, {"trade_id": 848946106, "side": "sell", "size": "0.01361785", "price": "120000.00000000", "time": "2025-07-14T18:22:29.790123Z", "fetched_at": "2025-07-14T18:23:24.661016+00:00", "symbol": "BTC-USD"}, {"trade_id": 848946105, "side": "sell", "size": "0.02129900", "price": "120000.00000000", "time": "2025-07-14T18:22:29.778991Z", "fetched_at": "2025-07-14T18:23:24.661016+00:00", "symbol": "BTC-USD"}, {"trade_id": 848946104, "side": "sell", "size": "0.01421726", "price": "120000.00000000", "time": "2025-07-14T18:22:29.751120Z", "fetched_at": "2025-07-14T18:23:24.661016+00:00", "symbol": "BTC-USD"}, {"trade_id": 848946103, "side": "sell", "size": "0.01430707", "price": "120000.00000000", "time": "2025-07-14T18:22:29.726438Z", "fetched_at": "2025-07-14T18:23:24.661016+00:00", "symbol": "BTC-USD"}, {"trade_id": 848946102, "side": "sell", "size": "0.01336482", "price": "120000.00000000", "time": "2025-07-14T18:22:29.709188Z", "fetched_at": "2025-07-14T18:23:24.661016+00:00", "symbol": "BTC-USD"}, {"trade_id": 848946101, "side": "sell", "size": "0.01347299", "price": "120000.00000000", "time": "2025-07-14T18:22:29.693311Z", "fetched_at": "2025-07-14T18:23:24.661016+00:00", "symbol": "BTC-USD"}, {"trade_id": 848946100, "side": "sell", "size": "0.04782926", "price": "120000.00000000", "time": "2025-07-14T18:22:29.658002Z", "fetched_at": "2025-07-14T18:23:24.661016+00:00", "symbol": "BTC-USD"}, {"trade_id": 848946099, "side": "sell", "size": "0.01943945", "price": "120000.00000000", "time": "2025-07-14T18:22:29.650565Z", "fetched_at": "2025-07-14T18:23:24.661016+00:00", "symbol": "BTC-USD"}, {"trade_id": 848946098, "side": "sell", "size": "0.00599101", "price": "120000.00000000", "time": "2025-07-14T18:22:29.646782Z", "fetched_at": "2025-07-14T18:23:24.661016+00:00", "symbol": "BTC-USD"}, {"trade_id": 848946097, "side": "sell", "size": "0.04058244", "price": "120000.00000000", "time": "2025-07-14T18:22:29.646782Z", "fetched_at": "2025-07-14T18:23:24.661016+00:00", "symbol": "BTC-USD"}, {"trade_id": 848946096, "side": "sell", "size": "0.04161254", "price": "120000.00000000", "time": "2025-07-14T18:22:29.641947Z", "fetched_at": "2025-07-14T18:23:24.661016+00:00", "symbol": "BTC-USD"}, {"trade_id": 848946095, "side": "sell", "size": "0.00000664", "price": "119999.98000000", "time": "2025-07-14T18:22:29.641947Z", "fetched_at": "2025-07-14T18:23:24.661016+00:00", "symbol": "BTC-USD"}, {"trade_id": 848946094, "side": "sell", "size": "0.04319643", "price": "119999.98000000", "time": "2025-07-14T18:22:29.641947Z", "fetched_at": "2025-07-14T18:23:24.661016+00:00", "symbol": "BTC-USD"}, {"trade_id": 848946093, "side": "buy", "size": "0.00000916", "price": "119999.98000000", "time": "2025-07-14T18:22:29.406943Z", "fetched_at": "2025-07-14T18:23:24.661016+00:00", "symbol": "BTC-USD"}, {"trade_id": 848946092, "side": "buy", "size": "0.00000916", "price": "119999.98000000", "time": "2025-07-14T18:22:29.349273Z", "fetched_at": "2025-07-14T18:23:24.661016+00:00", "symbol": "BTC-USD"}, {"trade_id": 848946091, "side": "buy", "size": "0.00000916", "price": "119999.98000000", "time": "2025-07-14T18:22:29.333127Z", "fetched_at": "2025-07-14T18:23:24.661016+00:00", "symbol": "BTC-USD"}, {"trade_id": 848946090, "side": "buy", "size": "0.00000916", "price": "119999.98000000", "time": "2025-07-14T18:22:29.313174Z", "fetched_at": "2025-07-14T18:23:24.661016+00:00", "symbol": "BTC-USD"}, {"trade_id": 848946089, "side": "buy", "size": "0.00000916", "price": "119999.98000000", "time": "2025-07-14T18:22:29.267347Z", "fetched_at": "2025-07-14T18:23:24.661016+00:00", "symbol": "BTC-USD"}, {"trade_id": 848946088, "side": "buy", "size": "0.00000916", "price": "119999.98000000", "time": "2025-07-14T18:22:29.247703Z", "fetched_at": "2025-07-14T18:23:24.661016+00:00", "symbol": "BTC-USD"}, {"trade_id": 848946087, "side": "buy", "size": "0.00000923", "price": "119999.98000000", "time": "2025-07-14T18:22:29.228701Z", "fetched_at": "2025-07-14T18:23:24.661016+00:00", "symbol": "BTC-USD"}, {"trade_id": 848946086, "side": "buy", "size": "0.00000923", "price": "119999.98000000", "time": "2025-07-14T18:22:29.175600Z", "fetched_at": "2025-07-14T18:23:24.661016+00:00", "symbol": "BTC-USD"}, {"trade_id": 848946085, "side": "buy", "size": "0.00000923", "price": "119999.98000000", "time": "2025-07-14T18:22:29.153572Z", "fetched_at": "2025-07-14T18:23:24.661016+00:00", "symbol": "BTC-USD"}, {"trade_id": 848946084, "side": "buy", "size": "0.00000923", "price": "119999.98000000", "time": "2025-07-14T18:22:29.134293Z", "fetched_at": "2025-07-14T18:23:24.661016+00:00", "symbol": "BTC-USD"}, {"trade_id": 848946083, "side": "buy", "size": "0.00000923", "price": "119999.98000000", "time": "2025-07-14T18:22:29.084794Z", "fetched_at": "2025-07-14T18:23:24.661016+00:00", "symbol": "BTC-USD"}, {"trade_id": 848946082, "side": "buy", "size": "0.00000918", "price": "119999.98000000", "time": "2025-07-14T18:22:29.066342Z", "fetched_at": "2025-07-14T18:23:24.661016+00:00", "symbol": "BTC-USD"}, {"trade_id": 848946081, "side": "buy", "size": "0.00000918", "price": "119999.98000000", "time": "2025-07-14T18:22:29.043906Z", "fetched_at": "2025-07-14T18:23:24.661016+00:00", "symbol": "BTC-USD"}, {"trade_id": 848946080, "side": "sell", "size": "0.04338930", "price": "119993.36000000", "time": "2025-07-14T18:22:28.734204Z", "fetched_at": "2025-07-14T18:23:24.661016+00:00", "symbol": "BTC-USD"}, {"trade_id": 848946079, "side": "sell", "size": "0.00202538", "price": "119993.36000000", "time": "2025-07-14T18:22:28.712137Z", "fetched_at": "2025-07-14T18:23:24.661016+00:00", "symbol": "BTC-USD"}, {"trade_id": 848946078, "side": "sell", "size": "0.00008047", "price": "119993.36000000", "time": "2025-07-14T18:22:28.704549Z", "fetched_at": "2025-07-14T18:23:24.661016+00:00", "symbol": "BTC-USD"}, {"trade_id": 848946077, "side": "sell", "size": "0.00010241", "price": "119993.36000000", "time": "2025-07-14T18:22:28.491656Z", "fetched_at": "2025-07-14T18:23:24.661016+00:00", "symbol": "BTC-USD"}, {"trade_id": 848946076, "side": "sell", "size": "0.00006266", "price": "119993.35000000", "time": "2025-07-14T18:22:28.491656Z", "fetched_at": "2025-07-14T18:23:24.661016+00:00", "symbol": "BTC-USD"}, {"trade_id": 848946075, "side": "sell", "size": "0.04782726", "price": "119986.73000000", "time": "2025-07-14T18:22:28.217928Z", "fetched_at": "2025-07-14T18:23:24.661016+00:00", "symbol": "BTC-USD"}, {"trade_id": 848946074, "side": "sell", "size": "0.00086946", "price": "119986.73000000", "time": "2025-07-14T18:22:28.078776Z", "fetched_at": "2025-07-14T18:23:24.661016+00:00", "symbol": "BTC-USD"}, {"trade_id": 848946073, "side": "sell", "size": "0.00001000", "price": "119989.53000000", "time": "2025-07-14T18:22:27.903563Z", "fetched_at": "2025-07-14T18:23:24.661016+00:00", "symbol": "BTC-USD"}, {"trade_id": 848946072, "side": "sell", "size": "0.04168005", "price": "119988.44000000", "time": "2025-07-14T18:22:27.896619Z", "fetched_at": "2025-07-14T18:23:24.661016+00:00", "symbol": "BTC-USD"}, {"trade_id": 848946071, "side": "sell", "size": "0.00006707", "price": "119988.43000000", "time": "2025-07-14T18:22:27.896619Z", "fetched_at": "2025-07-14T18:23:24.661016+00:00", "symbol": "BTC-USD"}, {"trade_id": 848946070, "side": "sell", "size": "0.00035675", "price": "119986.73000000", "time": "2025-07-14T18:22:27.879998Z", "fetched_at": "2025-07-14T18:23:24.661016+00:00", "symbol": "BTC-USD"}, {"trade_id": 848946069, "side": "sell", "size": "0.00006000", "price": "119986.73000000", "time": "2025-07-14T18:22:27.856044Z", "fetched_at": "2025-07-14T18:23:24.661016+00:00", "symbol": "BTC-USD"}, {"trade_id": 848946068, "side": "sell", "size": "0.00000008", "price": "119986.73000000", "time": "2025-07-14T18:22:27.821195Z", "fetched_at": "2025-07-14T18:23:24.661016+00:00", "symbol": "BTC-USD"}, {"trade_id": 848946067, "side": "sell", "size": "0.00000024", "price": "119985.08000000", "time": "2025-07-14T18:22:27.792857Z", "fetched_at": "2025-07-14T18:23:24.661016+00:00", "symbol": "BTC-USD"}, {"trade_id": 848946066, "side": "sell", "size": "0.00057725", "price": "119985.09000000", "time": "2025-07-14T18:22:27.768395Z", "fetched_at": "2025-07-14T18:23:24.661016+00:00", "symbol": "BTC-USD"}, {"trade_id": 848946065, "side": "sell", "size": "0.00009295", "price": "119985.62000000", "time": "2025-07-14T18:22:27.676378Z", "fetched_at": "2025-07-14T18:23:24.661016+00:00", "symbol": "BTC-USD"}, {"trade_id": 848946064, "side": "sell", "size": "0.00006707", "price": "119985.61000000", "time": "2025-07-14T18:22:27.676378Z", "fetched_at": "2025-07-14T18:23:24.661016+00:00", "symbol": "BTC-USD"}, {"trade_id": 848946063, "side": "sell", "size": "0.00001000", "price": "119980.54000000", "time": "2025-07-14T18:22:27.676378Z", "fetched_at": "2025-07-14T18:23:24.661016+00:00", "symbol": "BTC-USD"}, {"trade_id": 848946062, "side": "sell", "size": "0.00006184", "price": "119976.98000000", "time": "2025-07-14T18:22:27.552810Z", "fetched_at": "2025-07-14T18:23:24.661016+00:00", "symbol": "BTC-USD"}, {"trade_id": 848946061, "side": "sell", "size": "0.00006184", "price": "119976.98000000", "time": "2025-07-14T18:22:27.539469Z", "fetched_at": "2025-07-14T18:23:24.661016+00:00", "symbol": "BTC-USD"}, {"trade_id": 848946060, "side": "sell", "size": "0.00416649", "price": "119976.98000000", "time": "2025-07-14T18:22:27.376139Z", "fetched_at": "2025-07-14T18:23:24.661016+00:00", "symbol": "BTC-USD"}, {"trade_id": 848946059, "side": "sell", "size": "0.00001000", "price": "119971.55000000", "time": "2025-07-14T18:22:27.376139Z", "fetched_at": "2025-07-14T18:23:24.661016+00:00", "symbol": "BTC-USD"}, {"trade_id": 848946058, "side": "buy", "size": "0.00336857", "price": "119961.49000000", "time": "2025-07-14T18:22:26.866063Z", "fetched_at": "2025-07-14T18:23:24.661016+00:00", "symbol": "BTC-USD"}, {"trade_id": 848946057, "side": "buy", "size": "0.00001418", "price": "119961.50000000", "time": "2025-07-14T18:22:26.866063Z", "fetched_at": "2025-07-14T18:23:24.661016+00:00", "symbol": "BTC-USD"}, {"trade_id": 848946056, "side": "buy", "size": "0.00002740", "price": "119964.83000000", "time": "2025-07-14T18:22:26.866063Z", "fetched_at": "2025-07-14T18:23:24.661016+00:00", "symbol": "BTC-USD"}, {"trade_id": 848946055, "side": "buy", "size": "0.00833577", "price": "119964.83000000", "time": "2025-07-14T18:22:26.866063Z", "fetched_at": "2025-07-14T18:23:24.661016+00:00", "symbol": "BTC-USD"}, {"trade_id": 848946054, "side": "sell", "size": "0.00000826", "price": "119964.86000000", "time": "2025-07-14T18:22:26.586604Z", "fetched_at": "2025-07-14T18:23:24.661016+00:00", "symbol": "BTC-USD"}, {"trade_id": 848946053, "side": "sell", "size": "0.00825288", "price": "119964.85000000", "time": "2025-07-14T18:22:26.569818Z", "fetched_at": "2025-07-14T18:23:24.661016+00:00", "symbol": "BTC-USD"}, {"trade_id": 848946052, "side": "sell", "size": "0.00008523", "price": "119964.85000000", "time": "2025-07-14T18:22:26.536699Z", "fetched_at": "2025-07-14T18:23:24.661016+00:00", "symbol": "BTC-USD"}, {"trade_id": 848946051, "side": "sell", "size": "0.00001033", "price": "119964.84000000", "time": "2025-07-14T18:22:26.536699Z", "fetched_at": "2025-07-14T18:23:24.661016+00:00", "symbol": "BTC-USD"}, {"trade_id": 848946050, "side": "buy", "size": "0.00375255", "price": "119961.47000000", "time": "2025-07-14T18:22:26.342169Z", "fetched_at": "2025-07-14T18:23:24.661016+00:00", "symbol": "BTC-USD"}, {"trade_id": 848946049, "side": "sell", "size": "0.00200402", "price": "119964.85000000", "time": "2025-07-14T18:22:26.167590Z", "fetched_at": "2025-07-14T18:23:24.661016+00:00", "symbol": "BTC-USD"}, {"trade_id": 848946048, "side": "sell", "size": "0.00002136", "price": "119964.84000000", "time": "2025-07-14T18:22:26.167590Z", "fetched_at": "2025-07-14T18:23:24.661016+00:00", "symbol": "BTC-USD"}, {"trade_id": 848946047, "side": "sell", "size": "0.00028704", "price": "119961.52000000", "time": "2025-07-14T18:22:24.997097Z", "fetched_at": "2025-07-14T18:23:24.661016+00:00", "symbol": "BTC-USD"}, {"trade_id": 848946046, "side": "sell", "size": "0.00010408", "price": "119961.51000000", "time": "2025-07-14T18:22:24.997097Z", "fetched_at": "2025-07-14T18:23:24.661016+00:00", "symbol": "BTC-USD"}, {"trade_id": 848946045, "side": "sell", "size": "0.00012904", "price": "119961.50000000", "time": "2025-07-14T18:22:24.997097Z", "fetched_at": "2025-07-14T18:23:24.661016+00:00", "symbol": "BTC-USD"}, {"trade_id": 848946044, "side": "sell", "size": "0.00024507", "price": "119961.49000000", "time": "2025-07-14T18:22:24.997097Z", "fetched_at": "2025-07-14T18:23:24.661016+00:00", "symbol": "BTC-USD"}, {"trade_id": 848946043, "side": "sell", "size": "0.00015642", "price": "119961.48000000", "time": "2025-07-14T18:22:24.997097Z", "fetched_at": "2025-07-14T18:23:24.661016+00:00", "symbol": "BTC-USD"}, {"trade_id": 848946042, "side": "sell", "size": "0.00000208", "price": "119961.45000000", "time": "2025-07-14T18:22:24.997097Z", "fetched_at": "2025-07-14T18:23:24.661016+00:00", "symbol": "BTC-USD"}, {"trade_id": 848946041, "side": "sell", "size": "0.00000664", "price": "119961.45000000", "time": "2025-07-14T18:22:24.997097Z", "fetched_at": "2025-07-14T18:23:24.661016+00:00", "symbol": "BTC-USD"}, {"trade_id": 848946040, "side": "sell", "size": "0.00005637", "price": "119961.45000000", "time": "2025-07-14T18:22:24.997097Z", "fetched_at": "2025-07-14T18:23:24.661016+00:00", "symbol": "BTC-USD"}, {"trade_id": 848946039, "side": "sell", "size": "0.04865574", "price": "119961.45000000", "time": "2025-07-14T18:22:24.997097Z", "fetched_at": "2025-07-14T18:23:24.661016+00:00", "symbol": "BTC-USD"}, {"trade_id": 848946038, "side": "buy", "size": "0.00008355", "price": "119961.44000000", "time": "2025-07-14T18:22:24.747020Z", "fetched_at": "2025-07-14T18:23:24.661016+00:00", "symbol": "BTC-USD"}, {"trade_id": 848946037, "side": "sell", "size": "0.00041267", "price": "119961.45000000", "time": "2025-07-14T18:22:24.487976Z", "fetched_at": "2025-07-14T18:23:24.661016+00:00", "symbol": "BTC-USD"}, {"trade_id": 848946036, "side": "sell", "size": "0.00029960", "price": "119961.45000000", "time": "2025-07-14T18:22:23.900376Z", "fetched_at": "2025-07-14T18:23:24.661016+00:00", "symbol": "BTC-USD"}, {"trade_id": 848946035, "side": "sell", "size": "0.00767771", "price": "119961.45000000", "time": "2025-07-14T18:22:23.398450Z", "fetched_at": "2025-07-14T18:23:24.661016+00:00", "symbol": "BTC-USD"}, {"trade_id": 848946034, "side": "sell", "size": "0.00019772", "price": "119961.45000000", "time": "2025-07-14T18:22:23.093654Z", "fetched_at": "2025-07-14T18:23:24.661016+00:00", "symbol": "BTC-USD"}, {"trade_id": 848946033, "side": "sell", "size": "0.00034871", "price": "119961.45000000", "time": "2025-07-14T18:22:22.848322Z", "fetched_at": "2025-07-14T18:23:24.661016+00:00", "symbol": "BTC-USD"}, {"trade_id": 848946032, "side": "sell", "size": "0.00005645", "price": "119961.45000000", "time": "2025-07-14T18:22:22.848322Z", "fetched_at": "2025-07-14T18:23:24.661016+00:00", "symbol": "BTC-USD"}, {"trade_id": 848946031, "side": "sell", "size": "0.00010865", "price": "119961.48000000", "time": "2025-07-14T18:22:22.331608Z", "fetched_at": "2025-07-14T18:23:24.661016+00:00", "symbol": "BTC-USD"}, {"trade_id": 848946030, "side": "sell", "size": "0.00005645", "price": "119961.45000000", "time": "2025-07-14T18:22:22.331608Z", "fetched_at": "2025-07-14T18:23:24.661016+00:00", "symbol": "BTC-USD"}, {"trade_id": 848946029, "side": "sell", "size": "0.00000507", "price": "119961.48000000", "time": "2025-07-14T18:22:22.213580Z", "fetched_at": "2025-07-14T18:23:24.661016+00:00", "symbol": "BTC-USD"}, {"trade_id": 848946028, "side": "sell", "size": "0.00012005", "price": "119961.47000000", "time": "2025-07-14T18:22:22.213580Z", "fetched_at": "2025-07-14T18:23:24.661016+00:00", "symbol": "BTC-USD"}, {"trade_id": 848946027, "side": "sell", "size": "0.00005645", "price": "119961.45000000", "time": "2025-07-14T18:22:22.213580Z", "fetched_at": "2025-07-14T18:23:24.661016+00:00", "symbol": "BTC-USD"}, {"trade_id": 848946026, "side": "sell", "size": "0.00003920", "price": "119961.45000000", "time": "2025-07-14T18:22:22.194493Z", "fetched_at": "2025-07-14T18:23:24.661016+00:00", "symbol": "BTC-USD"}, {"trade_id": 848946025, "side": "sell", "size": "0.00011717", "price": "119961.47000000", "time": "2025-07-14T18:22:21.869243Z", "fetched_at": "2025-07-14T18:23:24.661016+00:00", "symbol": "BTC-USD"}, {"trade_id": 848946024, "side": "sell", "size": "0.00023183", "price": "119961.46000000", "time": "2025-07-14T18:22:21.869243Z", "fetched_at": "2025-07-14T18:23:24.661016+00:00", "symbol": "BTC-USD"}, {"trade_id": 848946023, "side": "sell", "size": "0.00005607", "price": "119961.45000000", "time": "2025-07-14T18:22:21.869243Z", "fetched_at": "2025-07-14T18:23:24.661016+00:00", "symbol": "BTC-USD"}, {"trade_id": 848946022, "side": "sell", "size": "0.00000022", "price": "119961.45000000", "time": "2025-07-14T18:22:21.811918Z", "fetched_at": "2025-07-14T18:23:24.661016+00:00", "symbol": "BTC-USD"}, {"trade_id": 848946021, "side": "sell", "size": "0.05304215", "price": "119953.57000000", "time": "2025-07-14T18:22:21.754543Z", "fetched_at": "2025-07-14T18:23:24.661016+00:00", "symbol": "BTC-USD"}, {"trade_id": 848946020, "side": "buy", "size": "0.00000691", "price": "119959.21000000", "time": "2025-07-14T18:22:21.660133Z", "fetched_at": "2025-07-14T18:23:24.661016+00:00", "symbol": "BTC-USD"}, {"trade_id": 848946019, "side": "buy", "size": "0.00638188", "price": "119959.21000000", "time": "2025-07-14T18:22:21.660133Z", "fetched_at": "2025-07-14T18:23:24.661016+00:00", "symbol": "BTC-USD"}, {"trade_id": 848946018, "side": "buy", "size": "0.00833616", "price": "119959.21000000", "time": "2025-07-14T18:22:21.660133Z", "fetched_at": "2025-07-14T18:23:24.661016+00:00", "symbol": "BTC-USD"}, {"trade_id": 848946017, "side": "sell", "size": "0.00003011", "price": "119961.46000000", "time": "2025-07-14T18:22:21.569624Z", "fetched_at": "2025-07-14T18:23:24.661016+00:00", "symbol": "BTC-USD"}, {"trade_id": 848946016, "side": "sell", "size": "0.00012068", "price": "119961.45000000", "time": "2025-07-14T18:22:21.569624Z", "fetched_at": "2025-07-14T18:23:24.661016+00:00", "symbol": "BTC-USD"}, {"trade_id": 848946015, "side": "sell", "size": "0.00013676", "price": "119961.44000000", "time": "2025-07-14T18:22:21.569624Z", "fetched_at": "2025-07-14T18:23:24.661016+00:00", "symbol": "BTC-USD"}, {"trade_id": 848946014, "side": "sell", "size": "0.00002005", "price": "119961.43000000", "time": "2025-07-14T18:22:21.569624Z", "fetched_at": "2025-07-14T18:23:24.661016+00:00", "symbol": "BTC-USD"}, {"trade_id": 848946013, "side": "sell", "size": "0.00007228", "price": "119961.42000000", "time": "2025-07-14T18:22:21.569624Z", "fetched_at": "2025-07-14T18:23:24.661016+00:00", "symbol": "BTC-USD"}, {"trade_id": 848946012, "side": "sell", "size": "0.00001253", "price": "119954.28000000", "time": "2025-07-14T18:22:21.569624Z", "fetched_at": "2025-07-14T18:23:24.661016+00:00", "symbol": "BTC-USD"}, {"trade_id": 848946011, "side": "sell", "size": "0.00001034", "price": "119953.57000000", "time": "2025-07-14T18:22:21.569624Z", "fetched_at": "2025-07-14T18:23:24.661016+00:00", "symbol": "BTC-USD"}, {"trade_id": 848946010, "side": "sell", "size": "0.00001000", "price": "119953.57000000", "time": "2025-07-14T18:22:21.569624Z", "fetched_at": "2025-07-14T18:23:24.661016+00:00", "symbol": "BTC-USD"}, {"trade_id": 848946009, "side": "sell", "size": "0.00007228", "price": "119952.55000000", "time": "2025-07-14T18:22:21.245334Z", "fetched_at": "2025-07-14T18:23:24.661016+00:00", "symbol": "BTC-USD"}, {"trade_id": 848946008, "side": "sell", "size": "0.00749366", "price": "119952.41000000", "time": "2025-07-14T18:22:21.210610Z", "fetched_at": "2025-07-14T18:23:24.661016+00:00", "symbol": "BTC-USD"}, {"trade_id": 848946007, "side": "sell", "size": "0.00268026", "price": "119950.89000000", "time": "2025-07-14T18:22:21.210610Z", "fetched_at": "2025-07-14T18:23:24.661016+00:00", "symbol": "BTC-USD"}, {"trade_id": 848946006, "side": "sell", "size": "0.03272769", "price": "119950.75000000", "time": "2025-07-14T18:22:21.210610Z", "fetched_at": "2025-07-14T18:23:24.661016+00:00", "symbol": "BTC-USD"}, {"trade_id": 848946005, "side": "sell", "size": "0.07649539", "price": "119950.75000000", "time": "2025-07-14T18:22:21.210610Z", "fetched_at": "2025-07-14T18:23:24.661016+00:00", "symbol": "BTC-USD"}, {"trade_id": 848946004, "side": "sell", "size": "0.00000208", "price": "119950.75000000", "time": "2025-07-14T18:22:21.210610Z", "fetched_at": "2025-07-14T18:23:24.661016+00:00", "symbol": "BTC-USD"}, {"trade_id": 848946003, "side": "sell", "size": "0.00000664", "price": "119950.75000000", "time": "2025-07-14T18:22:21.210610Z", "fetched_at": "2025-07-14T18:23:24.661016+00:00", "symbol": "BTC-USD"}, {"trade_id": 848946002, "side": "sell", "size": "0.00040516", "price": "119950.75000000", "time": "2025-07-14T18:22:21.192322Z", "fetched_at": "2025-07-14T18:23:24.661016+00:00", "symbol": "BTC-USD"}, {"trade_id": 848946001, "side": "buy", "size": "0.00015349", "price": "119950.74000000", "time": "2025-07-14T18:22:20.974221Z", "fetched_at": "2025-07-14T18:23:24.661016+00:00", "symbol": "BTC-USD"}, {"trade_id": 848946000, "side": "sell", "size": "0.00017232", "price": "119950.75000000", "time": "2025-07-14T18:22:20.664634Z", "fetched_at": "2025-07-14T18:23:24.661016+00:00", "symbol": "BTC-USD"}, {"trade_id": 848945999, "side": "sell", "size": "0.00008085", "price": "119950.75000000", "time": "2025-07-14T18:22:20.244897Z", "fetched_at": "2025-07-14T18:23:24.661016+00:00", "symbol": "BTC-USD"}, {"trade_id": 848945998, "side": "sell", "size": "0.00000793", "price": "119950.75000000", "time": "2025-07-14T18:22:20.200199Z", "fetched_at": "2025-07-14T18:23:24.661016+00:00", "symbol": "BTC-USD"}, {"trade_id": 848945997, "side": "sell", "size": "0.00039545", "price": "119950.75000000", "time": "2025-07-14T18:22:19.831044Z", "fetched_at": "2025-07-14T18:23:24.661016+00:00", "symbol": "BTC-USD"}, {"trade_id": 848945996, "side": "sell", "size": "0.00081037", "price": "119950.75000000", "time": "2025-07-14T18:22:19.481099Z", "fetched_at": "2025-07-14T18:23:24.661016+00:00", "symbol": "BTC-USD"}, {"trade_id": 848945995, "side": "sell", "size": "0.00005250", "price": "119950.75000000", "time": "2025-07-14T18:22:19.418053Z", "fetched_at": "2025-07-14T18:23:24.661016+00:00", "symbol": "BTC-USD"}, {"trade_id": 848945994, "side": "sell", "size": "0.00007895", "price": "119950.75000000", "time": "2025-07-14T18:22:19.418053Z", "fetched_at": "2025-07-14T18:23:24.661016+00:00", "symbol": "BTC-USD"}, {"trade_id": 848945993, "side": "buy", "size": "0.01684486", "price": "119944.27000000", "time": "2025-07-14T18:22:18.837927Z", "fetched_at": "2025-07-14T18:23:24.661016+00:00", "symbol": "BTC-USD"}, {"trade_id": 848945992, "side": "buy", "size": "0.00010333", "price": "119944.27000000", "time": "2025-07-14T18:22:18.807219Z", "fetched_at": "2025-07-14T18:23:24.661016+00:00", "symbol": "BTC-USD"}, {"trade_id": 848945991, "side": "buy", "size": "0.00002300", "price": "119950.77000000", "time": "2025-07-14T18:22:18.807219Z", "fetched_at": "2025-07-14T18:23:24.661016+00:00", "symbol": "BTC-USD"}, {"trade_id": 848945990, "side": "buy", "size": "0.00406210", "price": "119950.77000000", "time": "2025-07-14T18:22:18.622503Z", "fetched_at": "2025-07-14T18:23:24.661016+00:00", "symbol": "BTC-USD"}, {"trade_id": 848945989, "side": "sell", "size": "0.00565151", "price": "119950.78000000", "time": "2025-07-14T18:22:18.509645Z", "fetched_at": "2025-07-14T18:23:24.661016+00:00", "symbol": "BTC-USD"}, {"trade_id": 848945988, "side": "sell", "size": "0.00028920", "price": "119950.78000000", "time": "2025-07-14T18:22:18.031884Z", "fetched_at": "2025-07-14T18:23:24.661016+00:00", "symbol": "BTC-USD"}, {"trade_id": 848945987, "side": "sell", "size": "0.00005994", "price": "119950.78000000", "time": "2025-07-14T18:22:17.996157Z", "fetched_at": "2025-07-14T18:23:24.661016+00:00", "symbol": "BTC-USD"}, {"trade_id": 848945986, "side": "sell", "size": "0.00292104", "price": "119950.47000000", "time": "2025-07-14T18:22:16.778937Z", "fetched_at": "2025-07-14T18:23:24.661016+00:00", "symbol": "BTC-USD"}, {"trade_id": 848945985, "side": "sell", "size": "0.00007896", "price": "119950.47000000", "time": "2025-07-14T18:22:16.778937Z", "fetched_at": "2025-07-14T18:23:24.661016+00:00", "symbol": "BTC-USD"}, {"trade_id": 848945984, "side": "sell", "size": "0.00006352", "price": "119950.47000000", "time": "2025-07-14T18:22:16.684201Z", "fetched_at": "2025-07-14T18:23:24.661016+00:00", "symbol": "BTC-USD"}, {"trade_id": 848945983, "side": "sell", "size": "0.00000664", "price": "119950.13000000", "time": "2025-07-14T18:22:16.684201Z", "fetched_at": "2025-07-14T18:23:24.661016+00:00", "symbol": "BTC-USD"}, {"trade_id": 848945982, "side": "sell", "size": "0.00001033", "price": "119948.12000000", "time": "2025-07-14T18:22:16.684201Z", "fetched_at": "2025-07-14T18:23:24.661016+00:00", "symbol": "BTC-USD"}