[{"trade_id": 848940638, "side": "sell", "size": "0.00820678", "price": "119804.67000000", "time": "2025-07-14T18:10:48.485633Z", "fetched_at": "2025-07-14T18:10:49.798114+00:00", "symbol": "BTC-USD"}, {"trade_id": 848940637, "side": "sell", "size": "0.00007929", "price": "119804.65000000", "time": "2025-07-14T18:10:48.485633Z", "fetched_at": "2025-07-14T18:10:49.798114+00:00", "symbol": "BTC-USD"}, {"trade_id": 848940636, "side": "sell", "size": "0.00427082", "price": "119805.18000000", "time": "2025-07-14T18:10:48.137482Z", "fetched_at": "2025-07-14T18:10:49.798114+00:00", "symbol": "BTC-USD"}, {"trade_id": 848940635, "side": "sell", "size": "0.01000000", "price": "119805.17000000", "time": "2025-07-14T18:10:48.137482Z", "fetched_at": "2025-07-14T18:10:49.798114+00:00", "symbol": "BTC-USD"}, {"trade_id": 848940634, "side": "sell", "size": "0.00022096", "price": "119804.06000000", "time": "2025-07-14T18:10:48.137482Z", "fetched_at": "2025-07-14T18:10:49.798114+00:00", "symbol": "BTC-USD"}, {"trade_id": 848940633, "side": "sell", "size": "0.00007929", "price": "119800.37000000", "time": "2025-07-14T18:10:48.137482Z", "fetched_at": "2025-07-14T18:10:49.798114+00:00", "symbol": "BTC-USD"}, {"trade_id": 848940632, "side": "sell", "size": "0.00001734", "price": "119803.73000000", "time": "2025-07-14T18:10:47.876277Z", "fetched_at": "2025-07-14T18:10:49.798114+00:00", "symbol": "BTC-USD"}, {"trade_id": 848940631, "side": "sell", "size": "0.00001000", "price": "119802.18000000", "time": "2025-07-14T18:10:47.876277Z", "fetched_at": "2025-07-14T18:10:49.798114+00:00", "symbol": "BTC-USD"}, {"trade_id": 848940630, "side": "sell", "size": "0.00001000", "price": "119793.20000000", "time": "2025-07-14T18:10:47.876277Z", "fetched_at": "2025-07-14T18:10:49.798114+00:00", "symbol": "BTC-USD"}, {"trade_id": 848940629, "side": "sell", "size": "0.00313351", "price": "119791.90000000", "time": "2025-07-14T18:10:47.571837Z", "fetched_at": "2025-07-14T18:10:49.798114+00:00", "symbol": "BTC-USD"}, {"trade_id": 848940628, "side": "sell", "size": "0.11745807", "price": "119791.89000000", "time": "2025-07-14T18:10:47.571837Z", "fetched_at": "2025-07-14T18:10:49.798114+00:00", "symbol": "BTC-USD"}, {"trade_id": 848940627, "side": "sell", "size": "0.04056768", "price": "119791.89000000", "time": "2025-07-14T18:10:47.490033Z", "fetched_at": "2025-07-14T18:10:49.798114+00:00", "symbol": "BTC-USD"}, {"trade_id": 848940626, "side": "buy", "size": "0.00369980", "price": "119791.88000000", "time": "2025-07-14T18:10:47.448907Z", "fetched_at": "2025-07-14T18:10:49.798114+00:00", "symbol": "BTC-USD"}, {"trade_id": 848940625, "side": "buy", "size": "0.00051661", "price": "119791.88000000", "time": "2025-07-14T18:10:47.448907Z", "fetched_at": "2025-07-14T18:10:49.798114+00:00", "symbol": "BTC-USD"}, {"trade_id": 848940624, "side": "sell", "size": "0.00000124", "price": "119791.88000000", "time": "2025-07-14T18:10:46.858850Z", "fetched_at": "2025-07-14T18:10:49.798114+00:00", "symbol": "BTC-USD"}, {"trade_id": 848940623, "side": "sell", "size": "0.00397748", "price": "119791.89000000", "time": "2025-07-14T18:10:46.820445Z", "fetched_at": "2025-07-14T18:10:49.798114+00:00", "symbol": "BTC-USD"}, {"trade_id": 848940622, "side": "sell", "size": "0.00007930", "price": "119791.87000000", "time": "2025-07-14T18:10:46.820445Z", "fetched_at": "2025-07-14T18:10:49.798114+00:00", "symbol": "BTC-USD"}, {"trade_id": 848940621, "side": "sell", "size": "0.00209105", "price": "119791.88000000", "time": "2025-07-14T18:10:46.653515Z", "fetched_at": "2025-07-14T18:10:49.798114+00:00", "symbol": "BTC-USD"}, {"trade_id": 848940620, "side": "sell", "size": "0.00001033", "price": "119791.88000000", "time": "2025-07-14T18:10:46.653515Z", "fetched_at": "2025-07-14T18:10:49.798114+00:00", "symbol": "BTC-USD"}, {"trade_id": 848940619, "side": "buy", "size": "0.00067464", "price": "119791.87000000", "time": "2025-07-14T18:10:46.572179Z", "fetched_at": "2025-07-14T18:10:49.798114+00:00", "symbol": "BTC-USD"}, {"trade_id": 848940618, "side": "sell", "size": "0.00113797", "price": "119791.89000000", "time": "2025-07-14T18:10:46.165881Z", "fetched_at": "2025-07-14T18:10:49.798114+00:00", "symbol": "BTC-USD"}, {"trade_id": 848940617, "side": "sell", "size": "0.00007930", "price": "119791.88000000", "time": "2025-07-14T18:10:46.165881Z", "fetched_at": "2025-07-14T18:10:49.798114+00:00", "symbol": "BTC-USD"}, {"trade_id": 848940616, "side": "buy", "size": "0.00437419", "price": "119788.88000000", "time": "2025-07-14T18:10:46.022351Z", "fetched_at": "2025-07-14T18:10:49.798114+00:00", "symbol": "BTC-USD"}, {"trade_id": 848940615, "side": "buy", "size": "0.00834794", "price": "119790.08000000", "time": "2025-07-14T18:10:46.022351Z", "fetched_at": "2025-07-14T18:10:49.798114+00:00", "symbol": "BTC-USD"}, {"trade_id": 848940614, "side": "buy", "size": "0.00756432", "price": "119791.88000000", "time": "2025-07-14T18:10:46.022351Z", "fetched_at": "2025-07-14T18:10:49.798114+00:00", "symbol": "BTC-USD"}, {"trade_id": 848940613, "side": "buy", "size": "0.00068942", "price": "119791.88000000", "time": "2025-07-14T18:10:45.443358Z", "fetched_at": "2025-07-14T18:10:49.798114+00:00", "symbol": "BTC-USD"}, {"trade_id": 848940612, "side": "buy", "size": "0.00009407", "price": "119791.88000000", "time": "2025-07-14T18:10:45.165368Z", "fetched_at": "2025-07-14T18:10:49.798114+00:00", "symbol": "BTC-USD"}, {"trade_id": 848940611, "side": "sell", "size": "0.00001000", "price": "119784.22000000", "time": "2025-07-14T18:10:45.098330Z", "fetched_at": "2025-07-14T18:10:49.798114+00:00", "symbol": "BTC-USD"}, {"trade_id": 848940610, "side": "buy", "size": "0.00001860", "price": "119784.21000000", "time": "2025-07-14T18:10:44.974565Z", "fetched_at": "2025-07-14T18:10:49.798114+00:00", "symbol": "BTC-USD"}, {"trade_id": 848940609, "side": "sell", "size": "0.00016700", "price": "119780.62000000", "time": "2025-07-14T18:10:44.732261Z", "fetched_at": "2025-07-14T18:10:49.798114+00:00", "symbol": "BTC-USD"}, {"trade_id": 848940608, "side": "sell", "size": "0.00010000", "price": "119779.01000000", "time": "2025-07-14T18:10:44.732261Z", "fetched_at": "2025-07-14T18:10:49.798114+00:00", "symbol": "BTC-USD"}, {"trade_id": 848940607, "side": "sell", "size": "0.00041756", "price": "119778.82000000", "time": "2025-07-14T18:10:44.732261Z", "fetched_at": "2025-07-14T18:10:49.798114+00:00", "symbol": "BTC-USD"}, {"trade_id": 848940606, "side": "sell", "size": "0.07812128", "price": "119775.24000000", "time": "2025-07-14T18:10:44.649246Z", "fetched_at": "2025-07-14T18:10:49.798114+00:00", "symbol": "BTC-USD"}, {"trade_id": 848940605, "side": "sell", "size": "0.00347085", "price": "119775.24000000", "time": "2025-07-14T18:10:44.645055Z", "fetched_at": "2025-07-14T18:10:49.798114+00:00", "symbol": "BTC-USD"}, {"trade_id": 848940604, "side": "sell", "size": "0.09934760", "price": "119775.24000000", "time": "2025-07-14T18:10:44.640762Z", "fetched_at": "2025-07-14T18:10:49.798114+00:00", "symbol": "BTC-USD"}, {"trade_id": 848940603, "side": "sell", "size": "0.00009823", "price": "119775.24000000", "time": "2025-07-14T18:10:44.640762Z", "fetched_at": "2025-07-14T18:10:49.798114+00:00", "symbol": "BTC-USD"}, {"trade_id": 848940602, "side": "sell", "size": "0.00001000", "price": "119775.24000000", "time": "2025-07-14T18:10:44.640762Z", "fetched_at": "2025-07-14T18:10:49.798114+00:00", "symbol": "BTC-USD"}, {"trade_id": 848940601, "side": "buy", "size": "0.00000425", "price": "119775.23000000", "time": "2025-07-14T18:10:43.731364Z", "fetched_at": "2025-07-14T18:10:49.798114+00:00", "symbol": "BTC-USD"}, {"trade_id": 848940600, "side": "sell", "size": "0.03224750", "price": "119775.00000000", "time": "2025-07-14T18:10:43.655678Z", "fetched_at": "2025-07-14T18:10:49.798114+00:00", "symbol": "BTC-USD"}, {"trade_id": 848940599, "side": "sell", "size": "0.13473616", "price": "119775.00000000", "time": "2025-07-14T18:10:43.654391Z", "fetched_at": "2025-07-14T18:10:49.798114+00:00", "symbol": "BTC-USD"}, {"trade_id": 848940598, "side": "sell", "size": "0.00499967", "price": "119774.70000000", "time": "2025-07-14T18:10:43.654391Z", "fetched_at": "2025-07-14T18:10:49.798114+00:00", "symbol": "BTC-USD"}, {"trade_id": 848940597, "side": "sell", "size": "0.05000000", "price": "119773.75000000", "time": "2025-07-14T18:10:43.652757Z", "fetched_at": "2025-07-14T18:10:49.798114+00:00", "symbol": "BTC-USD"}, {"trade_id": 848940596, "side": "sell", "size": "0.00037700", "price": "119773.70000000", "time": "2025-07-14T18:10:43.652757Z", "fetched_at": "2025-07-14T18:10:49.798114+00:00", "symbol": "BTC-USD"}, {"trade_id": 848940595, "side": "sell", "size": "0.00000513", "price": "119773.70000000", "time": "2025-07-14T18:10:43.652757Z", "fetched_at": "2025-07-14T18:10:49.798114+00:00", "symbol": "BTC-USD"}, {"trade_id": 848940594, "side": "sell", "size": "0.00000141", "price": "119773.70000000", "time": "2025-07-14T18:10:43.652757Z", "fetched_at": "2025-07-14T18:10:49.798114+00:00", "symbol": "BTC-USD"}, {"trade_id": 848940593, "side": "sell", "size": "0.00816400", "price": "119773.70000000", "time": "2025-07-14T18:10:43.652757Z", "fetched_at": "2025-07-14T18:10:49.798114+00:00", "symbol": "BTC-USD"}, {"trade_id": 848940592, "side": "sell", "size": "0.00055503", "price": "119773.70000000", "time": "2025-07-14T18:10:43.652757Z", "fetched_at": "2025-07-14T18:10:49.798114+00:00", "symbol": "BTC-USD"}, {"trade_id": 848940591, "side": "sell", "size": "0.02003203", "price": "119773.70000000", "time": "2025-07-14T18:10:43.652643Z", "fetched_at": "2025-07-14T18:10:49.798114+00:00", "symbol": "BTC-USD"}, {"trade_id": 848940590, "side": "sell", "size": "0.00626089", "price": "119773.70000000", "time": "2025-07-14T18:10:43.652267Z", "fetched_at": "2025-07-14T18:10:49.798114+00:00", "symbol": "BTC-USD"}, {"trade_id": 848940589, "side": "sell", "size": "0.01461076", "price": "119773.70000000", "time": "2025-07-14T18:10:43.636893Z", "fetched_at": "2025-07-14T18:10:49.798114+00:00", "symbol": "BTC-USD"}, {"trade_id": 848940588, "side": "sell", "size": "0.00037678", "price": "119773.70000000", "time": "2025-07-14T18:10:43.280027Z", "fetched_at": "2025-07-14T18:10:49.798114+00:00", "symbol": "BTC-USD"}, {"trade_id": 848940587, "side": "sell", "size": "0.00001034", "price": "119772.69000000", "time": "2025-07-14T18:10:43.280027Z", "fetched_at": "2025-07-14T18:10:49.798114+00:00", "symbol": "BTC-USD"}, {"trade_id": 848940586, "side": "sell", "size": "0.00000217", "price": "119772.69000000", "time": "2025-07-14T18:10:43.280027Z", "fetched_at": "2025-07-14T18:10:49.798114+00:00", "symbol": "BTC-USD"}, {"trade_id": 848940585, "side": "sell", "size": "0.00000664", "price": "119772.69000000", "time": "2025-07-14T18:10:43.280027Z", "fetched_at": "2025-07-14T18:10:49.798114+00:00", "symbol": "BTC-USD"}, {"trade_id": 848940584, "side": "buy", "size": "0.00033731", "price": "119772.01000000", "time": "2025-07-14T18:10:43.246245Z", "fetched_at": "2025-07-14T18:10:49.798114+00:00", "symbol": "BTC-USD"}, {"trade_id": 848940583, "side": "sell", "size": "0.00202878", "price": "119772.68000000", "time": "2025-07-14T18:10:42.436998Z", "fetched_at": "2025-07-14T18:10:49.798114+00:00", "symbol": "BTC-USD"}, {"trade_id": 848940582, "side": "sell", "size": "0.00816451", "price": "119773.70000000", "time": "2025-07-14T18:10:41.138598Z", "fetched_at": "2025-07-14T18:10:49.798114+00:00", "symbol": "BTC-USD"}, {"trade_id": 848940581, "side": "sell", "size": "0.00007930", "price": "119773.69000000", "time": "2025-07-14T18:10:41.138598Z", "fetched_at": "2025-07-14T18:10:49.798114+00:00", "symbol": "BTC-USD"}, {"trade_id": 848940580, "side": "sell", "size": "0.00001447", "price": "119772.69000000", "time": "2025-07-14T18:10:41.138598Z", "fetched_at": "2025-07-14T18:10:49.798114+00:00", "symbol": "BTC-USD"}, {"trade_id": 848940579, "side": "sell", "size": "0.00000225", "price": "119772.69000000", "time": "2025-07-14T18:10:41.138598Z", "fetched_at": "2025-07-14T18:10:49.798114+00:00", "symbol": "BTC-USD"}, {"trade_id": 848940578, "side": "sell", "size": "0.00000670", "price": "119772.69000000", "time": "2025-07-14T18:10:41.138598Z", "fetched_at": "2025-07-14T18:10:49.798114+00:00", "symbol": "BTC-USD"}, {"trade_id": 848940577, "side": "sell", "size": "0.00243411", "price": "119772.69000000", "time": "2025-07-14T18:10:40.149099Z", "fetched_at": "2025-07-14T18:10:49.798114+00:00", "symbol": "BTC-USD"}, {"trade_id": 848940576, "side": "sell", "size": "0.00235269", "price": "119772.69000000", "time": "2025-07-14T18:10:39.916033Z", "fetched_at": "2025-07-14T18:10:49.798114+00:00", "symbol": "BTC-USD"}, {"trade_id": 848940575, "side": "sell", "size": "0.00202776", "price": "119772.69000000", "time": "2025-07-14T18:10:39.618652Z", "fetched_at": "2025-07-14T18:10:49.798114+00:00", "symbol": "BTC-USD"}, {"trade_id": 848940574, "side": "sell", "size": "0.00040542", "price": "119772.69000000", "time": "2025-07-14T18:10:37.540627Z", "fetched_at": "2025-07-14T18:10:49.798114+00:00", "symbol": "BTC-USD"}, {"trade_id": 848940573, "side": "sell", "size": "0.00121726", "price": "119772.69000000", "time": "2025-07-14T18:10:36.909339Z", "fetched_at": "2025-07-14T18:10:49.798114+00:00", "symbol": "BTC-USD"}, {"trade_id": 848940572, "side": "sell", "size": "0.00000023", "price": "119772.69000000", "time": "2025-07-14T18:10:36.838125Z", "fetched_at": "2025-07-14T18:10:49.798114+00:00", "symbol": "BTC-USD"}, {"trade_id": 848940571, "side": "buy", "size": "0.00041745", "price": "119772.68000000", "time": "2025-07-14T18:10:36.484345Z", "fetched_at": "2025-07-14T18:10:49.798114+00:00", "symbol": "BTC-USD"}, {"trade_id": 848940570, "side": "sell", "size": "0.00162270", "price": "119772.69000000", "time": "2025-07-14T18:10:36.283930Z", "fetched_at": "2025-07-14T18:10:49.798114+00:00", "symbol": "BTC-USD"}, {"trade_id": 848940569, "side": "buy", "size": "0.00004175", "price": "119772.68000000", "time": "2025-07-14T18:10:35.850498Z", "fetched_at": "2025-07-14T18:10:49.798114+00:00", "symbol": "BTC-USD"}, {"trade_id": 848940568, "side": "buy", "size": "0.00000626", "price": "119772.68000000", "time": "2025-07-14T18:10:35.305466Z", "fetched_at": "2025-07-14T18:10:49.798114+00:00", "symbol": "BTC-USD"}, {"trade_id": 848940567, "side": "sell", "size": "0.00035061", "price": "119772.69000000", "time": "2025-07-14T18:10:35.104109Z", "fetched_at": "2025-07-14T18:10:49.798114+00:00", "symbol": "BTC-USD"}, {"trade_id": 848940566, "side": "buy", "size": "0.00355180", "price": "119772.68000000", "time": "2025-07-14T18:10:35.032836Z", "fetched_at": "2025-07-14T18:10:49.798114+00:00", "symbol": "BTC-USD"}, {"trade_id": 848940565, "side": "sell", "size": "0.00003314", "price": "119772.69000000", "time": "2025-07-14T18:10:34.894094Z", "fetched_at": "2025-07-14T18:10:49.798114+00:00", "symbol": "BTC-USD"}, {"trade_id": 848940564, "side": "buy", "size": "0.00040000", "price": "119772.68000000", "time": "2025-07-14T18:10:34.462534Z", "fetched_at": "2025-07-14T18:10:49.798114+00:00", "symbol": "BTC-USD"}, {"trade_id": 848940563, "side": "sell", "size": "0.00004134", "price": "119772.69000000", "time": "2025-07-14T18:10:34.207795Z", "fetched_at": "2025-07-14T18:10:49.798114+00:00", "symbol": "BTC-USD"}, {"trade_id": 848940562, "side": "buy", "size": "0.31972955", "price": "119772.68000000", "time": "2025-07-14T18:10:33.724092Z", "fetched_at": "2025-07-14T18:10:49.798114+00:00", "symbol": "BTC-USD"}, {"trade_id": 848940561, "side": "buy", "size": "0.00007515", "price": "119772.68000000", "time": "2025-07-14T18:10:33.585269Z", "fetched_at": "2025-07-14T18:10:49.798114+00:00", "symbol": "BTC-USD"}, {"trade_id": 848940560, "side": "sell", "size": "0.00007686", "price": "119772.69000000", "time": "2025-07-14T18:10:33.526996Z", "fetched_at": "2025-07-14T18:10:49.798114+00:00", "symbol": "BTC-USD"}, {"trade_id": 848940559, "side": "sell", "size": "0.00043841", "price": "119773.65000000", "time": "2025-07-14T18:10:33.067572Z", "fetched_at": "2025-07-14T18:10:49.798114+00:00", "symbol": "BTC-USD"}, {"trade_id": 848940558, "side": "sell", "size": "0.00005765", "price": "119773.64000000", "time": "2025-07-14T18:10:33.067572Z", "fetched_at": "2025-07-14T18:10:49.798114+00:00", "symbol": "BTC-USD"}, {"trade_id": 848940557, "side": "sell", "size": "0.00002166", "price": "119773.64000000", "time": "2025-07-14T18:10:32.953589Z", "fetched_at": "2025-07-14T18:10:49.798114+00:00", "symbol": "BTC-USD"}, {"trade_id": 848940556, "side": "sell", "size": "0.00000620", "price": "119770.68000000", "time": "2025-07-14T18:10:32.953589Z", "fetched_at": "2025-07-14T18:10:49.798114+00:00", "symbol": "BTC-USD"}, {"trade_id": 848940555, "side": "sell", "size": "0.00000192", "price": "119770.68000000", "time": "2025-07-14T18:10:32.953589Z", "fetched_at": "2025-07-14T18:10:49.798114+00:00", "symbol": "BTC-USD"}, {"trade_id": 848940554, "side": "sell", "size": "0.00000039", "price": "119770.68000000", "time": "2025-07-14T18:10:32.953589Z", "fetched_at": "2025-07-14T18:10:49.798114+00:00", "symbol": "BTC-USD"}, {"trade_id": 848940553, "side": "sell", "size": "0.00013392", "price": "119770.67000000", "time": "2025-07-14T18:10:32.113102Z", "fetched_at": "2025-07-14T18:10:49.798114+00:00", "symbol": "BTC-USD"}, {"trade_id": 848940552, "side": "buy", "size": "0.00134948", "price": "119768.72000000", "time": "2025-07-14T18:10:31.394457Z", "fetched_at": "2025-07-14T18:10:49.798114+00:00", "symbol": "BTC-USD"}, {"trade_id": 848940551, "side": "buy", "size": "0.00876827", "price": "119768.72000000", "time": "2025-07-14T18:10:31.130980Z", "fetched_at": "2025-07-14T18:10:49.798114+00:00", "symbol": "BTC-USD"}, {"trade_id": 848940550, "side": "buy", "size": "0.00200121", "price": "119768.72000000", "time": "2025-07-14T18:10:30.805441Z", "fetched_at": "2025-07-14T18:10:49.798114+00:00", "symbol": "BTC-USD"}, {"trade_id": 848940549, "side": "buy", "size": "0.04134029", "price": "119768.73000000", "time": "2025-07-14T18:10:30.805441Z", "fetched_at": "2025-07-14T18:10:49.798114+00:00", "symbol": "BTC-USD"}, {"trade_id": 848940548, "side": "buy", "size": "0.00002394", "price": "119768.76000000", "time": "2025-07-14T18:10:30.805441Z", "fetched_at": "2025-07-14T18:10:49.798114+00:00", "symbol": "BTC-USD"}, {"trade_id": 848940547, "side": "buy", "size": "0.00663456", "price": "119768.77000000", "time": "2025-07-14T18:10:30.805441Z", "fetched_at": "2025-07-14T18:10:49.798114+00:00", "symbol": "BTC-USD"}, {"trade_id": 848940546, "side": "sell", "size": "0.00000620", "price": "119770.68000000", "time": "2025-07-14T18:10:30.742696Z", "fetched_at": "2025-07-14T18:10:49.798114+00:00", "symbol": "BTC-USD"}, {"trade_id": 848940545, "side": "buy", "size": "0.00337371", "price": "119768.72000000", "time": "2025-07-14T18:10:29.524256Z", "fetched_at": "2025-07-14T18:10:49.798114+00:00", "symbol": "BTC-USD"}, {"trade_id": 848940544, "side": "sell", "size": "0.00155725", "price": "119770.70000000", "time": "2025-07-14T18:10:29.375128Z", "fetched_at": "2025-07-14T18:10:49.798114+00:00", "symbol": "BTC-USD"}, {"trade_id": 848940543, "side": "sell", "size": "0.01000000", "price": "119770.69000000", "time": "2025-07-14T18:10:29.375128Z", "fetched_at": "2025-07-14T18:10:49.798114+00:00", "symbol": "BTC-USD"}, {"trade_id": 848940542, "side": "sell", "size": "0.00005646", "price": "119770.68000000", "time": "2025-07-14T18:10:29.375128Z", "fetched_at": "2025-07-14T18:10:49.798114+00:00", "symbol": "BTC-USD"}, {"trade_id": 848940541, "side": "sell", "size": "0.00001000", "price": "119766.26000000", "time": "2025-07-14T18:10:29.375128Z", "fetched_at": "2025-07-14T18:10:49.798114+00:00", "symbol": "BTC-USD"}, {"trade_id": 848940540, "side": "sell", "size": "0.00834981", "price": "119763.26000000", "time": "2025-07-14T18:10:29.375128Z", "fetched_at": "2025-07-14T18:10:49.798114+00:00", "symbol": "BTC-USD"}, {"trade_id": 848940539, "side": "sell", "size": "0.00011288", "price": "119761.47000000", "time": "2025-07-14T18:10:29.375128Z", "fetched_at": "2025-07-14T18:10:49.798114+00:00", "symbol": "BTC-USD"}, {"trade_id": 848940538, "side": "sell", "size": "0.00016785", "price": "119761.47000000", "time": "2025-07-14T18:10:29.375128Z", "fetched_at": "2025-07-14T18:10:49.798114+00:00", "symbol": "BTC-USD"}, {"trade_id": 848940537, "side": "sell", "size": "0.00003348", "price": "119761.47000000", "time": "2025-07-14T18:10:29.375128Z", "fetched_at": "2025-07-14T18:10:49.798114+00:00", "symbol": "BTC-USD"}, {"trade_id": 848940536, "side": "buy", "size": "0.00039375", "price": "119760.34000000", "time": "2025-07-14T18:10:28.679595Z", "fetched_at": "2025-07-14T18:10:49.798114+00:00", "symbol": "BTC-USD"}, {"trade_id": 848940535, "side": "sell", "size": "0.00811511", "price": "119761.47000000", "time": "2025-07-14T18:10:28.023896Z", "fetched_at": "2025-07-14T18:10:49.798114+00:00", "symbol": "BTC-USD"}, {"trade_id": 848940534, "side": "sell", "size": "0.00041336", "price": "119761.46000000", "time": "2025-07-14T18:10:28.011822Z", "fetched_at": "2025-07-14T18:10:49.798114+00:00", "symbol": "BTC-USD"}, {"trade_id": 848940533, "side": "sell", "size": "0.00000294", "price": "119761.46000000", "time": "2025-07-14T18:10:27.514956Z", "fetched_at": "2025-07-14T18:10:49.798114+00:00", "symbol": "BTC-USD"}, {"trade_id": 848940532, "side": "sell", "size": "0.00000827", "price": "119761.46000000", "time": "2025-07-14T18:10:27.421429Z", "fetched_at": "2025-07-14T18:10:49.798114+00:00", "symbol": "BTC-USD"}, {"trade_id": 848940531, "side": "buy", "size": "0.00669871", "price": "119761.46000000", "time": "2025-07-14T18:10:27.242073Z", "fetched_at": "2025-07-14T18:10:49.798114+00:00", "symbol": "BTC-USD"}, {"trade_id": 848940530, "side": "sell", "size": "0.01623147", "price": "119761.47000000", "time": "2025-07-14T18:10:27.085627Z", "fetched_at": "2025-07-14T18:10:49.798114+00:00", "symbol": "BTC-USD"}, {"trade_id": 848940529, "side": "sell", "size": "0.00092020", "price": "119761.47000000", "time": "2025-07-14T18:10:27.008166Z", "fetched_at": "2025-07-14T18:10:49.798114+00:00", "symbol": "BTC-USD"}, {"trade_id": 848940528, "side": "sell", "size": "0.00026936", "price": "119761.47000000", "time": "2025-07-14T18:10:26.899442Z", "fetched_at": "2025-07-14T18:10:49.798114+00:00", "symbol": "BTC-USD"}, {"trade_id": 848940527, "side": "sell", "size": "0.00009045", "price": "119761.47000000", "time": "2025-07-14T18:10:26.899442Z", "fetched_at": "2025-07-14T18:10:49.798114+00:00", "symbol": "BTC-USD"}, {"trade_id": 848940526, "side": "sell", "size": "0.00004648", "price": "119761.47000000", "time": "2025-07-14T18:10:26.899442Z", "fetched_at": "2025-07-14T18:10:49.798114+00:00", "symbol": "BTC-USD"}, {"trade_id": 848940525, "side": "sell", "size": "0.00007247", "price": "119761.47000000", "time": "2025-07-14T18:10:26.899442Z", "fetched_at": "2025-07-14T18:10:49.798114+00:00", "symbol": "BTC-USD"}, {"trade_id": 848940524, "side": "sell", "size": "0.00001669", "price": "119761.47000000", "time": "2025-07-14T18:10:26.899442Z", "fetched_at": "2025-07-14T18:10:49.798114+00:00", "symbol": "BTC-USD"}, {"trade_id": 848940523, "side": "buy", "size": "0.12020318", "price": "119760.00000000", "time": "2025-07-14T18:10:25.931008Z", "fetched_at": "2025-07-14T18:10:49.798114+00:00", "symbol": "BTC-USD"}, {"trade_id": 848940522, "side": "buy", "size": "0.00056296", "price": "119761.14000000", "time": "2025-07-14T18:10:25.931008Z", "fetched_at": "2025-07-14T18:10:49.798114+00:00", "symbol": "BTC-USD"}, {"trade_id": 848940521, "side": "buy", "size": "0.00055918", "price": "119761.25000000", "time": "2025-07-14T18:10:25.931008Z", "fetched_at": "2025-07-14T18:10:49.798114+00:00", "symbol": "BTC-USD"}, {"trade_id": 848940520, "side": "buy", "size": "0.00158061", "price": "119761.35000000", "time": "2025-07-14T18:10:25.931008Z", "fetched_at": "2025-07-14T18:10:49.798114+00:00", "symbol": "BTC-USD"}, {"trade_id": 848940519, "side": "buy", "size": "0.00016832", "price": "119761.42000000", "time": "2025-07-14T18:10:25.931008Z", "fetched_at": "2025-07-14T18:10:49.798114+00:00", "symbol": "BTC-USD"}, {"trade_id": 848940518, "side": "buy", "size": "0.03040335", "price": "119761.46000000", "time": "2025-07-14T18:10:25.931008Z", "fetched_at": "2025-07-14T18:10:49.798114+00:00", "symbol": "BTC-USD"}, {"trade_id": 848940517, "side": "buy", "size": "0.02450407", "price": "119761.46000000", "time": "2025-07-14T18:10:25.931008Z", "fetched_at": "2025-07-14T18:10:49.798114+00:00", "symbol": "BTC-USD"}, {"trade_id": 848940516, "side": "buy", "size": "0.00723000", "price": "119761.46000000", "time": "2025-07-14T18:10:25.931008Z", "fetched_at": "2025-07-14T18:10:49.798114+00:00", "symbol": "BTC-USD"}, {"trade_id": 848940515, "side": "buy", "size": "0.02384043", "price": "119761.46000000", "time": "2025-07-14T18:10:25.931008Z", "fetched_at": "2025-07-14T18:10:49.798114+00:00", "symbol": "BTC-USD"}, {"trade_id": 848940514, "side": "buy", "size": "0.02917588", "price": "119761.46000000", "time": "2025-07-14T18:10:25.931008Z", "fetched_at": "2025-07-14T18:10:49.798114+00:00", "symbol": "BTC-USD"}, {"trade_id": 848940513, "side": "sell", "size": "0.00835061", "price": "119751.76000000", "time": "2025-07-14T18:10:25.562170Z", "fetched_at": "2025-07-14T18:10:49.798114+00:00", "symbol": "BTC-USD"}, {"trade_id": 848940512, "side": "sell", "size": "0.00007270", "price": "119749.96000000", "time": "2025-07-14T18:10:25.562170Z", "fetched_at": "2025-07-14T18:10:49.798114+00:00", "symbol": "BTC-USD"}, {"trade_id": 848940511, "side": "sell", "size": "0.07859785", "price": "119749.96000000", "time": "2025-07-14T18:10:25.562170Z", "fetched_at": "2025-07-14T18:10:49.798114+00:00", "symbol": "BTC-USD"}, {"trade_id": 848940510, "side": "sell", "size": "0.00023000", "price": "119749.96000000", "time": "2025-07-14T18:10:24.846001Z", "fetched_at": "2025-07-14T18:10:49.798114+00:00", "symbol": "BTC-USD"}, {"trade_id": 848940509, "side": "sell", "size": "0.00066132", "price": "119749.96000000", "time": "2025-07-14T18:10:24.582889Z", "fetched_at": "2025-07-14T18:10:49.798114+00:00", "symbol": "BTC-USD"}, {"trade_id": 848940508, "side": "sell", "size": "0.04001000", "price": "119749.96000000", "time": "2025-07-14T18:10:24.431105Z", "fetched_at": "2025-07-14T18:10:49.798114+00:00", "symbol": "BTC-USD"}, {"trade_id": 848940507, "side": "sell", "size": "0.03959047", "price": "119749.96000000", "time": "2025-07-14T18:10:24.223767Z", "fetched_at": "2025-07-14T18:10:49.798114+00:00", "symbol": "BTC-USD"}, {"trade_id": 848940506, "side": "buy", "size": "0.00038094", "price": "119749.95000000", "time": "2025-07-14T18:10:23.737206Z", "fetched_at": "2025-07-14T18:10:49.798114+00:00", "symbol": "BTC-USD"}, {"trade_id": 848940505, "side": "sell", "size": "0.00102144", "price": "119749.96000000", "time": "2025-07-14T18:10:23.703179Z", "fetched_at": "2025-07-14T18:10:49.798114+00:00", "symbol": "BTC-USD"}, {"trade_id": 848940504, "side": "sell", "size": "0.00015000", "price": "119749.96000000", "time": "2025-07-14T18:10:22.941601Z", "fetched_at": "2025-07-14T18:10:49.798114+00:00", "symbol": "BTC-USD"}, {"trade_id": 848940503, "side": "sell", "size": "0.00162316", "price": "119749.96000000", "time": "2025-07-14T18:10:22.909069Z", "fetched_at": "2025-07-14T18:10:49.798114+00:00", "symbol": "BTC-USD"}, {"trade_id": 848940502, "side": "sell", "size": "0.00040575", "price": "119749.96000000", "time": "2025-07-14T18:10:22.767732Z", "fetched_at": "2025-07-14T18:10:49.798114+00:00", "symbol": "BTC-USD"}, {"trade_id": 848940501, "side": "sell", "size": "0.01623147", "price": "119749.96000000", "time": "2025-07-14T18:10:22.710502Z", "fetched_at": "2025-07-14T18:10:49.798114+00:00", "symbol": "BTC-USD"}, {"trade_id": 848940500, "side": "sell", "size": "0.00098000", "price": "119749.96000000", "time": "2025-07-14T18:10:21.232005Z", "fetched_at": "2025-07-14T18:10:49.798114+00:00", "symbol": "BTC-USD"}, {"trade_id": 848940499, "side": "sell", "size": "0.00082685", "price": "119749.96000000", "time": "2025-07-14T18:10:20.636564Z", "fetched_at": "2025-07-14T18:10:49.798114+00:00", "symbol": "BTC-USD"}, {"trade_id": 848940498, "side": "sell", "size": "0.01623132", "price": "119749.96000000", "time": "2025-07-14T18:10:20.632788Z", "fetched_at": "2025-07-14T18:10:49.798114+00:00", "symbol": "BTC-USD"}, {"trade_id": 848940497, "side": "sell", "size": "0.00001647", "price": "119749.96000000", "time": "2025-07-14T18:10:20.631662Z", "fetched_at": "2025-07-14T18:10:49.798114+00:00", "symbol": "BTC-USD"}, {"trade_id": 848940496, "side": "sell", "size": "0.00014464", "price": "119749.96000000", "time": "2025-07-14T18:10:20.363523Z", "fetched_at": "2025-07-14T18:10:49.798114+00:00", "symbol": "BTC-USD"}, {"trade_id": 848940495, "side": "sell", "size": "0.00000931", "price": "119749.96000000", "time": "2025-07-14T18:10:18.993684Z", "fetched_at": "2025-07-14T18:10:49.798114+00:00", "symbol": "BTC-USD"}, {"trade_id": 848940494, "side": "sell", "size": "0.00010718", "price": "119749.95000000", "time": "2025-07-14T18:10:18.461908Z", "fetched_at": "2025-07-14T18:10:49.798114+00:00", "symbol": "BTC-USD"}, {"trade_id": 848940493, "side": "buy", "size": "0.35957972", "price": "119744.00000000", "time": "2025-07-14T18:10:16.105981Z", "fetched_at": "2025-07-14T18:10:49.798114+00:00", "symbol": "BTC-USD"}, {"trade_id": 848940492, "side": "buy", "size": "0.00835088", "price": "119747.89000000", "time": "2025-07-14T18:10:16.105981Z", "fetched_at": "2025-07-14T18:10:49.798114+00:00", "symbol": "BTC-USD"}, {"trade_id": 848940491, "side": "buy", "size": "0.04133000", "price": "119747.89000000", "time": "2025-07-14T18:10:16.105981Z", "fetched_at": "2025-07-14T18:10:49.798114+00:00", "symbol": "BTC-USD"}, {"trade_id": 848940490, "side": "buy", "size": "0.40000000", "price": "119749.00000000", "time": "2025-07-14T18:10:16.105981Z", "fetched_at": "2025-07-14T18:10:49.798114+00:00", "symbol": "BTC-USD"}, {"trade_id": 848940489, "side": "buy", "size": "0.40936747", "price": "119749.01000000", "time": "2025-07-14T18:10:16.105981Z", "fetched_at": "2025-07-14T18:10:49.798114+00:00", "symbol": "BTC-USD"}, {"trade_id": 848940488, "side": "buy", "size": "0.00790302", "price": "119749.68000000", "time": "2025-07-14T18:10:16.105981Z", "fetched_at": "2025-07-14T18:10:49.798114+00:00", "symbol": "BTC-USD"}, {"trade_id": 848940487, "side": "buy", "size": "0.03040335", "price": "119749.69000000", "time": "2025-07-14T18:10:16.105981Z", "fetched_at": "2025-07-14T18:10:49.798114+00:00", "symbol": "BTC-USD"}, {"trade_id": 848940486, "side": "buy", "size": "0.02507542", "price": "119749.70000000", "time": "2025-07-14T18:10:16.105981Z", "fetched_at": "2025-07-14T18:10:49.798114+00:00", "symbol": "BTC-USD"}, {"trade_id": 848940485, "side": "buy", "size": "0.00008216", "price": "119749.70000000", "time": "2025-07-14T18:10:16.029427Z", "fetched_at": "2025-07-14T18:10:49.798114+00:00", "symbol": "BTC-USD"}, {"trade_id": 848940484, "side": "sell", "size": "0.05964255", "price": "119756.69000000", "time": "2025-07-14T18:10:15.094618Z", "fetched_at": "2025-07-14T18:10:49.798114+00:00", "symbol": "BTC-USD"}, {"trade_id": 848940483, "side": "sell", "size": "0.03426067", "price": "119756.50000000", "time": "2025-07-14T18:10:15.094618Z", "fetched_at": "2025-07-14T18:10:49.798114+00:00", "symbol": "BTC-USD"}, {"trade_id": 848940482, "side": "sell", "size": "0.01085685", "price": "119755.76000000", "time": "2025-07-14T18:10:15.094618Z", "fetched_at": "2025-07-14T18:10:49.798114+00:00", "symbol": "BTC-USD"}, {"trade_id": 848940481, "side": "sell", "size": "0.00472711", "price": "119755.74000000", "time": "2025-07-14T18:10:15.094618Z", "fetched_at": "2025-07-14T18:10:49.798114+00:00", "symbol": "BTC-USD"}, {"trade_id": 848940480, "side": "sell", "size": "0.03028499", "price": "119753.93000000", "time": "2025-07-14T18:10:15.094618Z", "fetched_at": "2025-07-14T18:10:49.798114+00:00", "symbol": "BTC-USD"}, {"trade_id": 848940479, "side": "sell", "size": "0.00417544", "price": "119749.10000000", "time": "2025-07-14T18:10:15.094618Z", "fetched_at": "2025-07-14T18:10:49.798114+00:00", "symbol": "BTC-USD"}, {"trade_id": 848940478, "side": "sell", "size": "0.00835102", "price": "119745.82000000", "time": "2025-07-14T18:10:15.094618Z", "fetched_at": "2025-07-14T18:10:49.798114+00:00", "symbol": "BTC-USD"}, {"trade_id": 848940477, "side": "sell", "size": "0.00835130", "price": "119741.89000000", "time": "2025-07-14T18:10:15.094618Z", "fetched_at": "2025-07-14T18:10:49.798114+00:00", "symbol": "BTC-USD"}, {"trade_id": 848940476, "side": "sell", "size": "0.04686139", "price": "119740.31000000", "time": "2025-07-14T18:10:15.094618Z", "fetched_at": "2025-07-14T18:10:49.798114+00:00", "symbol": "BTC-USD"}, {"trade_id": 848940475, "side": "sell", "size": "0.00473734", "price": "119740.20000000", "time": "2025-07-14T18:10:15.094618Z", "fetched_at": "2025-07-14T18:10:49.798114+00:00", "symbol": "BTC-USD"}, {"trade_id": 848940474, "side": "sell", "size": "0.05000000", "price": "119740.15000000", "time": "2025-07-14T18:10:15.094618Z", "fetched_at": "2025-07-14T18:10:49.798114+00:00", "symbol": "BTC-USD"}, {"trade_id": 848940473, "side": "sell", "size": "0.00032500", "price": "119740.10000000", "time": "2025-07-14T18:10:15.094618Z", "fetched_at": "2025-07-14T18:10:49.798114+00:00", "symbol": "BTC-USD"}, {"trade_id": 848940472, "side": "sell", "size": "0.02489900", "price": "119740.10000000", "time": "2025-07-14T18:10:15.094618Z", "fetched_at": "2025-07-14T18:10:49.798114+00:00", "symbol": "BTC-USD"}, {"trade_id": 848940471, "side": "sell", "size": "0.02477548", "price": "119740.10000000", "time": "2025-07-14T18:10:15.094618Z", "fetched_at": "2025-07-14T18:10:49.798114+00:00", "symbol": "BTC-USD"}, {"trade_id": 848940470, "side": "sell", "size": "0.00004842", "price": "119740.09000000", "time": "2025-07-14T18:10:15.093446Z", "fetched_at": "2025-07-14T18:10:49.798114+00:00", "symbol": "BTC-USD"}, {"trade_id": 848940469, "side": "sell", "size": "0.02166314", "price": "119740.09000000", "time": "2025-07-14T18:10:15.093446Z", "fetched_at": "2025-07-14T18:10:49.798114+00:00", "symbol": "BTC-USD"}, {"trade_id": 848940468, "side": "sell", "size": "0.17322369", "price": "119740.09000000", "time": "2025-07-14T18:10:15.092672Z", "fetched_at": "2025-07-14T18:10:49.798114+00:00", "symbol": "BTC-USD"}, {"trade_id": 848940467, "side": "sell", "size": "0.18598327", "price": "119740.09000000", "time": "2025-07-14T18:10:15.092672Z", "fetched_at": "2025-07-14T18:10:49.798114+00:00", "symbol": "BTC-USD"}, {"trade_id": 848940466, "side": "sell", "size": "0.00955013", "price": "119740.09000000", "time": "2025-07-14T18:10:15.091565Z", "fetched_at": "2025-07-14T18:10:49.798114+00:00", "symbol": "BTC-USD"}, {"trade_id": 848940465, "side": "sell", "size": "0.02954722", "price": "119740.09000000", "time": "2025-07-14T18:10:15.090634Z", "fetched_at": "2025-07-14T18:10:49.798114+00:00", "symbol": "BTC-USD"}, {"trade_id": 848940464, "side": "sell", "size": "0.01215807", "price": "119740.09000000", "time": "2025-07-14T18:10:15.090438Z", "fetched_at": "2025-07-14T18:10:49.798114+00:00", "symbol": "BTC-USD"}, {"trade_id": 848940463, "side": "sell", "size": "0.00395148", "price": "119740.09000000", "time": "2025-07-14T18:10:13.685282Z", "fetched_at": "2025-07-14T18:10:49.798114+00:00", "symbol": "BTC-USD"}, {"trade_id": 848940462, "side": "sell", "size": "0.00004852", "price": "119740.09000000", "time": "2025-07-14T18:10:13.685282Z", "fetched_at": "2025-07-14T18:10:49.798114+00:00", "symbol": "BTC-USD"}, {"trade_id": 848940461, "side": "buy", "size": "0.00052499", "price": "119740.08000000", "time": "2025-07-14T18:10:13.014443Z", "fetched_at": "2025-07-14T18:10:49.798114+00:00", "symbol": "BTC-USD"}, {"trade_id": 848940460, "side": "buy", "size": "0.00000701", "price": "119740.08000000", "time": "2025-07-14T18:10:13.014443Z", "fetched_at": "2025-07-14T18:10:49.798114+00:00", "symbol": "BTC-USD"}, {"trade_id": 848940459, "side": "sell", "size": "0.00020288", "price": "119740.09000000", "time": "2025-07-14T18:10:12.995523Z", "fetched_at": "2025-07-14T18:10:49.798114+00:00", "symbol": "BTC-USD"}, {"trade_id": 848940458, "side": "sell", "size": "0.00039399", "price": "119740.09000000", "time": "2025-07-14T18:10:12.772995Z", "fetched_at": "2025-07-14T18:10:49.798114+00:00", "symbol": "BTC-USD"}, {"trade_id": 848940457, "side": "sell", "size": "0.00001179", "price": "119740.09000000", "time": "2025-07-14T18:10:12.772995Z", "fetched_at": "2025-07-14T18:10:49.798114+00:00", "symbol": "BTC-USD"}, {"trade_id": 848940456, "side": "sell", "size": "0.00032393", "price": "119740.10000000", "time": "2025-07-14T18:10:12.438184Z", "fetched_at": "2025-07-14T18:10:49.798114+00:00", "symbol": "BTC-USD"}, {"trade_id": 848940455, "side": "sell", "size": "0.00000063", "price": "119740.10000000", "time": "2025-07-14T18:10:12.222703Z", "fetched_at": "2025-07-14T18:10:49.798114+00:00", "symbol": "BTC-USD"}, {"trade_id": 848940454, "side": "sell", "size": "0.00007441", "price": "119740.10000000", "time": "2025-07-14T18:10:11.908323Z", "fetched_at": "2025-07-14T18:10:49.798114+00:00", "symbol": "BTC-USD"}, {"trade_id": 848940453, "side": "sell", "size": "0.00024348", "price": "119740.10000000", "time": "2025-07-14T18:10:11.831340Z", "fetched_at": "2025-07-14T18:10:49.798114+00:00", "symbol": "BTC-USD"}, {"trade_id": 848940452, "side": "buy", "size": "0.00049674", "price": "119740.09000000", "time": "2025-07-14T18:10:11.797831Z", "fetched_at": "2025-07-14T18:10:49.798114+00:00", "symbol": "BTC-USD"}, {"trade_id": 848940451, "side": "sell", "size": "0.02028645", "price": "119740.10000000", "time": "2025-07-14T18:10:11.650935Z", "fetched_at": "2025-07-14T18:10:49.798114+00:00", "symbol": "BTC-USD"}, {"trade_id": 848940450, "side": "sell", "size": "0.00020668", "price": "119740.10000000", "time": "2025-07-14T18:10:11.601421Z", "fetched_at": "2025-07-14T18:10:49.798114+00:00", "symbol": "BTC-USD"}, {"trade_id": 848940449, "side": "sell", "size": "0.00408894", "price": "119740.10000000", "time": "2025-07-14T18:10:11.454912Z", "fetched_at": "2025-07-14T18:10:49.798114+00:00", "symbol": "BTC-USD"}, {"trade_id": 848940448, "side": "buy", "size": "0.00013101", "price": "119740.09000000", "time": "2025-07-14T18:10:11.331024Z", "fetched_at": "2025-07-14T18:10:49.798114+00:00", "symbol": "BTC-USD"}, {"trade_id": 848940447, "side": "buy", "size": "0.00002029", "price": "119740.08000000", "time": "2025-07-14T18:10:11.185530Z", "fetched_at": "2025-07-14T18:10:49.798114+00:00", "symbol": "BTC-USD"}, {"trade_id": 848940446, "side": "buy", "size": "0.06250063", "price": "119740.08000000", "time": "2025-07-14T18:10:11.143648Z", "fetched_at": "2025-07-14T18:10:49.798114+00:00", "symbol": "BTC-USD"}, {"trade_id": 848940445, "side": "buy", "size": "0.02504055", "price": "119740.08000000", "time": "2025-07-14T18:10:11.143648Z", "fetched_at": "2025-07-14T18:10:49.798114+00:00", "symbol": "BTC-USD"}, {"trade_id": 848940444, "side": "buy", "size": "0.00443000", "price": "119740.08000000", "time": "2025-07-14T18:10:11.143648Z", "fetched_at": "2025-07-14T18:10:49.798114+00:00", "symbol": "BTC-USD"}, {"trade_id": 848940443, "side": "sell", "size": "0.00000008", "price": "119740.09000000", "time": "2025-07-14T18:10:11.107454Z", "fetched_at": "2025-07-14T18:10:49.798114+00:00", "symbol": "BTC-USD"}, {"trade_id": 848940442, "side": "sell", "size": "0.00020627", "price": "119737.42000000", "time": "2025-07-14T18:10:11.018755Z", "fetched_at": "2025-07-14T18:10:49.798114+00:00", "symbol": "BTC-USD"}, {"trade_id": 848940441, "side": "sell", "size": "0.00003721", "price": "119737.31000000", "time": "2025-07-14T18:10:11.018755Z", "fetched_at": "2025-07-14T18:10:49.798114+00:00", "symbol": "BTC-USD"}, {"trade_id": 848940440, "side": "sell", "size": "0.00888153", "price": "119760.45000000", "time": "2025-07-14T18:10:10.930076Z", "fetched_at": "2025-07-14T18:10:49.798114+00:00", "symbol": "BTC-USD"}, {"trade_id": 848940439, "side": "sell", "size": "0.66618611", "price": "119758.01000000", "time": "2025-07-14T18:10:10.930076Z", "fetched_at": "2025-07-14T18:10:49.798114+00:00", "symbol": "BTC-USD"}, {"trade_id": 848940438, "side": "sell", "size": "0.39971167", "price": "119758.00000000", "time": "2025-07-14T18:10:10.930076Z", "fetched_at": "2025-07-14T18:10:49.798114+00:00", "symbol": "BTC-USD"}, {"trade_id": 848940437, "side": "sell", "size": "0.01219602", "price": "119757.94000000", "time": "2025-07-14T18:10:10.930076Z", "fetched_at": "2025-07-14T18:10:49.798114+00:00", "symbol": "BTC-USD"}, {"trade_id": 848940436, "side": "sell", "size": "0.00001000", "price": "119757.28000000", "time": "2025-07-14T18:10:10.930076Z", "fetched_at": "2025-07-14T18:10:49.798114+00:00", "symbol": "BTC-USD"}, {"trade_id": 848940435, "side": "sell", "size": "0.00050100", "price": "119756.73000000", "time": "2025-07-14T18:10:10.930076Z", "fetched_at": "2025-07-14T18:10:49.798114+00:00", "symbol": "BTC-USD"}, {"trade_id": 848940434, "side": "sell", "size": "0.09150316", "price": "119755.83000000", "time": "2025-07-14T18:10:10.930076Z", "fetched_at": "2025-07-14T18:10:49.798114+00:00", "symbol": "BTC-USD"}, {"trade_id": 848940433, "side": "sell", "size": "0.06970214", "price": "119755.82000000", "time": "2025-07-14T18:10:10.930076Z", "fetched_at": "2025-07-14T18:10:49.798114+00:00", "symbol": "BTC-USD"}, {"trade_id": 848940432, "side": "sell", "size": "0.00835042", "price": "119754.44000000", "time": "2025-07-14T18:10:10.930076Z", "fetched_at": "2025-07-14T18:10:49.798114+00:00", "symbol": "BTC-USD"}, {"trade_id": 848940431, "side": "sell", "size": "0.03741243", "price": "119753.86000000", "time": "2025-07-14T18:10:10.930076Z", "fetched_at": "2025-07-14T18:10:49.798114+00:00", "symbol": "BTC-USD"}, {"trade_id": 848940430, "side": "sell", "size": "0.01085637", "price": "119748.68000000", "time": "2025-07-14T18:10:10.930076Z", "fetched_at": "2025-07-14T18:10:49.798114+00:00", "symbol": "BTC-USD"}, {"trade_id": 848940429, "side": "sell", "size": "0.03028499", "price": "119747.48000000", "time": "2025-07-14T18:10:10.930076Z", "fetched_at": "2025-07-14T18:10:49.798114+00:00", "symbol": "BTC-USD"}, {"trade_id": 848940428, "side": "sell", "size": "0.00835185", "price": "119733.99000000", "time": "2025-07-14T18:10:10.930076Z", "fetched_at": "2025-07-14T18:10:49.798114+00:00", "symbol": "BTC-USD"}, {"trade_id": 848940427, "side": "sell", "size": "0.06632282", "price": "119732.20000000", "time": "2025-07-14T18:10:10.930076Z", "fetched_at": "2025-07-14T18:10:49.798114+00:00", "symbol": "BTC-USD"}, {"trade_id": 848940426, "side": "sell", "size": "0.00003721", "price": "119732.19000000", "time": "2025-07-14T18:10:10.930076Z", "fetched_at": "2025-07-14T18:10:49.798114+00:00", "symbol": "BTC-USD"}, {"trade_id": 848940425, "side": "sell", "size": "0.16674293", "price": "119732.19000000", "time": "2025-07-14T18:10:10.930076Z", "fetched_at": "2025-07-14T18:10:49.798114+00:00", "symbol": "BTC-USD"}, {"trade_id": 848940424, "side": "sell", "size": "0.01976332", "price": "119732.19000000", "time": "2025-07-14T18:10:10.771784Z", "fetched_at": "2025-07-14T18:10:49.798114+00:00", "symbol": "BTC-USD"}, {"trade_id": 848940423, "side": "sell", "size": "0.00003721", "price": "119732.18000000", "time": "2025-07-14T18:10:10.771784Z", "fetched_at": "2025-07-14T18:10:49.798114+00:00", "symbol": "BTC-USD"}, {"trade_id": 848940422, "side": "buy", "size": "0.00055843", "price": "119732.17000000", "time": "2025-07-14T18:10:10.748746Z", "fetched_at": "2025-07-14T18:10:49.798114+00:00", "symbol": "BTC-USD"}, {"trade_id": 848940421, "side": "sell", "size": "0.00004199", "price": "119732.19000000", "time": "2025-07-14T18:10:10.737309Z", "fetched_at": "2025-07-14T18:10:49.798114+00:00", "symbol": "BTC-USD"}, {"trade_id": 848940420, "side": "sell", "size": "0.00003721", "price": "119732.18000000", "time": "2025-07-14T18:10:10.737309Z", "fetched_at": "2025-07-14T18:10:49.798114+00:00", "symbol": "BTC-USD"}, {"trade_id": 848940419, "side": "sell", "size": "0.00004546", "price": "119732.19000000", "time": "2025-07-14T18:10:10.729073Z", "fetched_at": "2025-07-14T18:10:49.798114+00:00", "symbol": "BTC-USD"}, {"trade_id": 848940418, "side": "sell", "size": "0.00003721", "price": "119732.18000000", "time": "2025-07-14T18:10:10.729073Z", "fetched_at": "2025-07-14T18:10:49.798114+00:00", "symbol": "BTC-USD"}, {"trade_id": 848940417, "side": "sell", "size": "0.00002856", "price": "119732.19000000", "time": "2025-07-14T18:10:10.583349Z", "fetched_at": "2025-07-14T18:10:49.798114+00:00", "symbol": "BTC-USD"}, {"trade_id": 848940416, "side": "sell", "size": "0.00078933", "price": "119732.20000000", "time": "2025-07-14T18:10:10.564030Z", "fetched_at": "2025-07-14T18:10:49.798114+00:00", "symbol": "BTC-USD"}, {"trade_id": 848940415, "side": "sell", "size": "0.00003744", "price": "119732.19000000", "time": "2025-07-14T18:10:10.564030Z", "fetched_at": "2025-07-14T18:10:49.798114+00:00", "symbol": "BTC-USD"}, {"trade_id": 848940414, "side": "sell", "size": "0.00082677", "price": "119732.18000000", "time": "2025-07-14T18:10:10.383285Z", "fetched_at": "2025-07-14T18:10:49.798114+00:00", "symbol": "BTC-USD"}, {"trade_id": 848940413, "side": "buy", "size": "0.00419985", "price": "119731.99000000", "time": "2025-07-14T18:10:10.265442Z", "fetched_at": "2025-07-14T18:10:49.798114+00:00", "symbol": "BTC-USD"}, {"trade_id": 848940412, "side": "buy", "size": "0.00000108", "price": "119734.70000000", "time": "2025-07-14T18:10:10.265442Z", "fetched_at": "2025-07-14T18:10:49.798114+00:00", "symbol": "BTC-USD"}, {"trade_id": 848940411, "side": "buy", "size": "0.00080981", "price": "119734.70000000", "time": "2025-07-14T18:10:10.265442Z", "fetched_at": "2025-07-14T18:10:49.798114+00:00", "symbol": "BTC-USD"}, {"trade_id": 848940410, "side": "buy", "size": "0.00835135", "price": "119741.06000000", "time": "2025-07-14T18:10:10.229496Z", "fetched_at": "2025-07-14T18:10:49.798114+00:00", "symbol": "BTC-USD"}, {"trade_id": 848940409, "side": "sell", "size": "0.00004125", "price": "119741.23000000", "time": "2025-07-14T18:10:10.204075Z", "fetched_at": "2025-07-14T18:10:49.798114+00:00", "symbol": "BTC-USD"}, {"trade_id": 848940408, "side": "buy", "size": "0.08350733", "price": "119742.80000000", "time": "2025-07-14T18:10:10.125587Z", "fetched_at": "2025-07-14T18:10:49.798114+00:00", "symbol": "BTC-USD"}, {"trade_id": 848940407, "side": "buy", "size": "0.00001587", "price": "119742.89000000", "time": "2025-07-14T18:10:10.125587Z", "fetched_at": "2025-07-14T18:10:49.798114+00:00", "symbol": "BTC-USD"}, {"trade_id": 848940406, "side": "buy", "size": "0.00000592", "price": "119744.22000000", "time": "2025-07-14T18:10:10.125587Z", "fetched_at": "2025-07-14T18:10:49.798114+00:00", "symbol": "BTC-USD"}, {"trade_id": 848940405, "side": "buy", "size": "0.01000000", "price": "119746.02000000", "time": "2025-07-14T18:10:10.089694Z", "fetched_at": "2025-07-14T18:10:49.798114+00:00", "symbol": "BTC-USD"}, {"trade_id": 848940404, "side": "buy", "size": "0.00983299", "price": "119746.03000000", "time": "2025-07-14T18:10:10.089694Z", "fetched_at": "2025-07-14T18:10:49.798114+00:00", "symbol": "BTC-USD"}, {"trade_id": 848940403, "side": "buy", "size": "0.00835100", "price": "119746.09000000", "time": "2025-07-14T18:10:10.089694Z", "fetched_at": "2025-07-14T18:10:49.798114+00:00", "symbol": "BTC-USD"}, {"trade_id": 848940402, "side": "buy", "size": "0.00002453", "price": "119748.73000000", "time": "2025-07-14T18:10:10.089694Z", "fetched_at": "2025-07-14T18:10:49.798114+00:00", "symbol": "BTC-USD"}, {"trade_id": 848940401, "side": "buy", "size": "0.00835069", "price": "119750.56000000", "time": "2025-07-14T18:10:10.089694Z", "fetched_at": "2025-07-14T18:10:49.798114+00:00", "symbol": "BTC-USD"}, {"trade_id": 848940400, "side": "buy", "size": "0.01252239", "price": "119752.36000000", "time": "2025-07-14T18:10:10.089694Z", "fetched_at": "2025-07-14T18:10:49.798114+00:00", "symbol": "BTC-USD"}, {"trade_id": 848940399, "side": "buy", "size": "0.00005661", "price": "119755.45000000", "time": "2025-07-14T18:10:09.607714Z", "fetched_at": "2025-07-14T18:10:49.798114+00:00", "symbol": "BTC-USD"}, {"trade_id": 848940398, "side": "sell", "size": "0.00040578", "price": "119758.01000000", "time": "2025-07-14T18:10:09.215524Z", "fetched_at": "2025-07-14T18:10:49.798114+00:00", "symbol": "BTC-USD"}, {"trade_id": 848940397, "side": "sell", "size": "0.00008267", "price": "119760.58000000", "time": "2025-07-14T18:10:09.024862Z", "fetched_at": "2025-07-14T18:10:49.798114+00:00", "symbol": "BTC-USD"}, {"trade_id": 848940396, "side": "sell", "size": "0.00079208", "price": "119760.58000000", "time": "2025-07-14T18:10:08.778732Z", "fetched_at": "2025-07-14T18:10:49.798114+00:00", "symbol": "BTC-USD"}, {"trade_id": 848940395, "side": "sell", "size": "0.00769764", "price": "119760.58000000", "time": "2025-07-14T18:10:08.708467Z", "fetched_at": "2025-07-14T18:10:49.798114+00:00", "symbol": "BTC-USD"}, {"trade_id": 848940394, "side": "sell", "size": "0.00059408", "price": "119760.58000000", "time": "2025-07-14T18:10:08.580690Z", "fetched_at": "2025-07-14T18:10:49.798114+00:00", "symbol": "BTC-USD"}, {"trade_id": 848940393, "side": "sell", "size": "0.00072751", "price": "119760.87000000", "time": "2025-07-14T18:10:08.390416Z", "fetched_at": "2025-07-14T18:10:49.798114+00:00", "symbol": "BTC-USD"}, {"trade_id": 848940392, "side": "sell", "size": "0.00060867", "price": "119760.86000000", "time": "2025-07-14T18:10:08.382896Z", "fetched_at": "2025-07-14T18:10:49.798114+00:00", "symbol": "BTC-USD"}, {"trade_id": 848940391, "side": "buy", "size": "0.04620113", "price": "119750.00000000", "time": "2025-07-14T18:10:08.309644Z", "fetched_at": "2025-07-14T18:10:49.798114+00:00", "symbol": "BTC-USD"}, {"trade_id": 848940390, "side": "buy", "size": "0.00835069", "price": "119750.48000000", "time": "2025-07-14T18:10:08.309644Z", "fetched_at": "2025-07-14T18:10:49.798114+00:00", "symbol": "BTC-USD"}, {"trade_id": 848940389, "side": "buy", "size": "0.21000000", "price": "119751.01000000", "time": "2025-07-14T18:10:08.309644Z", "fetched_at": "2025-07-14T18:10:49.798114+00:00", "symbol": "BTC-USD"}, {"trade_id": 848940388, "side": "buy", "size": "0.24000000", "price": "119751.01000000", "time": "2025-07-14T18:10:08.309644Z", "fetched_at": "2025-07-14T18:10:49.798114+00:00", "symbol": "BTC-USD"}, {"trade_id": 848940387, "side": "buy", "size": "0.00094657", "price": "119754.32000000", "time": "2025-07-14T18:10:08.309644Z", "fetched_at": "2025-07-14T18:10:49.798114+00:00", "symbol": "BTC-USD"}, {"trade_id": 848940386, "side": "buy", "size": "0.00049379", "price": "119754.49000000", "time": "2025-07-14T18:10:08.309644Z", "fetched_at": "2025-07-14T18:10:49.798114+00:00", "symbol": "BTC-USD"}, {"trade_id": 848940385, "side": "buy", "size": "0.03500000", "price": "119754.90000000", "time": "2025-07-14T18:10:08.309644Z", "fetched_at": "2025-07-14T18:10:49.798114+00:00", "symbol": "BTC-USD"}, {"trade_id": 848940384, "side": "buy", "size": "0.00531393", "price": "119754.91000000", "time": "2025-07-14T18:10:08.309644Z", "fetched_at": "2025-07-14T18:10:49.798114+00:00", "symbol": "BTC-USD"}, {"trade_id": 848940383, "side": "buy", "size": "0.00146015", "price": "119755.03000000", "time": "2025-07-14T18:10:08.309644Z", "fetched_at": "2025-07-14T18:10:49.798114+00:00", "symbol": "BTC-USD"}, {"trade_id": 848940382, "side": "buy", "size": "0.01252310", "price": "119755.48000000", "time": "2025-07-14T18:10:08.309644Z", "fetched_at": "2025-07-14T18:10:49.798114+00:00", "symbol": "BTC-USD"}, {"trade_id": 848940381, "side": "sell", "size": "0.00012966", "price": "119760.87000000", "time": "2025-07-14T18:10:08.234900Z", "fetched_at": "2025-07-14T18:10:49.798114+00:00", "symbol": "BTC-USD"}, {"trade_id": 848940380, "side": "sell", "size": "0.00015230", "price": "119760.87000000", "time": "2025-07-14T18:10:08.166511Z", "fetched_at": "2025-07-14T18:10:49.798114+00:00", "symbol": "BTC-USD"}, {"trade_id": 848940379, "side": "sell", "size": "0.00001000", "price": "119757.28000000", "time": "2025-07-14T18:10:08.166511Z", "fetched_at": "2025-07-14T18:10:49.798114+00:00", "symbol": "BTC-USD"}, {"trade_id": 848940378, "side": "sell", "size": "0.00487078", "price": "119744.23000000", "time": "2025-07-14T18:10:08.065221Z", "fetched_at": "2025-07-14T18:10:49.798114+00:00", "symbol": "BTC-USD"}, {"trade_id": 848940377, "side": "sell", "size": "0.00153143", "price": "119743.03000000", "time": "2025-07-14T18:10:08.065221Z", "fetched_at": "2025-07-14T18:10:49.798114+00:00", "symbol": "BTC-USD"}, {"trade_id": 848940376, "side": "sell", "size": "0.00015668", "price": "119742.92000000", "time": "2025-07-14T18:10:08.065221Z", "fetched_at": "2025-07-14T18:10:49.798114+00:00", "symbol": "BTC-USD"}, {"trade_id": 848940375, "side": "sell", "size": "0.02751592", "price": "119742.92000000", "time": "2025-07-14T18:10:08.065221Z", "fetched_at": "2025-07-14T18:10:49.798114+00:00", "symbol": "BTC-USD"}, {"trade_id": 848940374, "side": "sell", "size": "0.05679135", "price": "119742.92000000", "time": "2025-07-14T18:10:08.054866Z", "fetched_at": "2025-07-14T18:10:49.798114+00:00", "symbol": "BTC-USD"}, {"trade_id": 848940373, "side": "buy", "size": "0.00059046", "price": "119742.91000000", "time": "2025-07-14T18:10:07.823706Z", "fetched_at": "2025-07-14T18:10:49.798114+00:00", "symbol": "BTC-USD"}, {"trade_id": 848940372, "side": "sell", "size": "0.00001657", "price": "119742.92000000", "time": "2025-07-14T18:10:07.568969Z", "fetched_at": "2025-07-14T18:10:49.798114+00:00", "symbol": "BTC-USD"}, {"trade_id": 848940371, "side": "buy", "size": "0.00169537", "price": "119742.91000000", "time": "2025-07-14T18:10:07.568742Z", "fetched_at": "2025-07-14T18:10:49.798114+00:00", "symbol": "BTC-USD"}, {"trade_id": 848940370, "side": "sell", "size": "0.25499331", "price": "119742.92000000", "time": "2025-07-14T18:10:07.457889Z", "fetched_at": "2025-07-14T18:10:49.798114+00:00", "symbol": "BTC-USD"}, {"trade_id": 848940369, "side": "sell", "size": "0.01068285", "price": "119742.92000000", "time": "2025-07-14T18:10:07.456920Z", "fetched_at": "2025-07-14T18:10:49.798114+00:00", "symbol": "BTC-USD"}, {"trade_id": 848940368, "side": "sell", "size": "0.32219550", "price": "119742.87000000", "time": "2025-07-14T18:10:07.456920Z", "fetched_at": "2025-07-14T18:10:49.798114+00:00", "symbol": "BTC-USD"}, {"trade_id": 848940367, "side": "sell", "size": "0.05656424", "price": "119742.87000000", "time": "2025-07-14T18:10:07.456516Z", "fetched_at": "2025-07-14T18:10:49.798114+00:00", "symbol": "BTC-USD"}, {"trade_id": 848940366, "side": "sell", "size": "0.03724567", "price": "119742.87000000", "time": "2025-07-14T18:10:07.456322Z", "fetched_at": "2025-07-14T18:10:49.798114+00:00", "symbol": "BTC-USD"}, {"trade_id": 848940365, "side": "sell", "size": "0.15556183", "price": "119742.43000000", "time": "2025-07-14T18:10:07.456322Z", "fetched_at": "2025-07-14T18:10:49.798114+00:00", "symbol": "BTC-USD"}, {"trade_id": 848940364, "side": "sell", "size": "0.00765718", "price": "119742.42000000", "time": "2025-07-14T18:10:07.456322Z", "fetched_at": "2025-07-14T18:10:49.798114+00:00", "symbol": "BTC-USD"}, {"trade_id": 848940363, "side": "buy", "size": "0.00209370", "price": "119737.07000000", "time": "2025-07-14T18:10:07.249231Z", "fetched_at": "2025-07-14T18:10:49.798114+00:00", "symbol": "BTC-USD"}, {"trade_id": 848940362, "side": "buy", "size": "0.00001484", "price": "119742.31000000", "time": "2025-07-14T18:10:07.249231Z", "fetched_at": "2025-07-14T18:10:49.798114+00:00", "symbol": "BTC-USD"}, {"trade_id": 848940361, "side": "buy", "size": "0.00798591", "price": "119737.07000000", "time": "2025-07-14T18:10:07.178132Z", "fetched_at": "2025-07-14T18:10:49.798114+00:00", "symbol": "BTC-USD"}, {"trade_id": 848940360, "side": "buy", "size": "0.00001409", "price": "119742.31000000", "time": "2025-07-14T18:10:07.178132Z", "fetched_at": "2025-07-14T18:10:49.798114+00:00", "symbol": "BTC-USD"}, {"trade_id": 848940359, "side": "buy", "size": "0.01057667", "price": "119737.08000000", "time": "2025-07-14T18:10:06.800826Z", "fetched_at": "2025-07-14T18:10:49.798114+00:00", "symbol": "BTC-USD"}, {"trade_id": 848940358, "side": "buy", "size": "0.00203253", "price": "119737.10000000", "time": "2025-07-14T18:10:06.800826Z", "fetched_at": "2025-07-14T18:10:49.798114+00:00", "symbol": "BTC-USD"}, {"trade_id": 848940357, "side": "buy", "size": "0.00001398", "price": "119738.93000000", "time": "2025-07-14T18:10:06.800826Z", "fetched_at": "2025-07-14T18:10:49.798114+00:00", "symbol": "BTC-USD"}, {"trade_id": 848940356, "side": "buy", "size": "0.00001485", "price": "119742.42000000", "time": "2025-07-14T18:10:06.800826Z", "fetched_at": "2025-07-14T18:10:49.798114+00:00", "symbol": "BTC-USD"}, {"trade_id": 848940355, "side": "sell", "size": "0.00262650", "price": "119742.43000000", "time": "2025-07-14T18:10:06.767557Z", "fetched_at": "2025-07-14T18:10:49.798114+00:00", "symbol": "BTC-USD"}, {"trade_id": 848940354, "side": "sell", "size": "0.00039600", "price": "119742.43000000", "time": "2025-07-14T18:10:06.692920Z", "fetched_at": "2025-07-14T18:10:49.798114+00:00", "symbol": "BTC-USD"}, {"trade_id": 848940353, "side": "sell", "size": "0.02961223", "price": "119742.43000000", "time": "2025-07-14T18:10:06.499053Z", "fetched_at": "2025-07-14T18:10:49.798114+00:00", "symbol": "BTC-USD"}, {"trade_id": 848940352, "side": "sell", "size": "0.00325526", "price": "119742.43000000", "time": "2025-07-14T18:10:06.499053Z", "fetched_at": "2025-07-14T18:10:49.798114+00:00", "symbol": "BTC-USD"}, {"trade_id": 848940351, "side": "sell", "size": "0.00020668", "price": "119742.43000000", "time": "2025-07-14T18:10:06.287599Z", "fetched_at": "2025-07-14T18:10:49.798114+00:00", "symbol": "BTC-USD"}, {"trade_id": 848940350, "side": "sell", "size": "0.00017674", "price": "119742.43000000", "time": "2025-07-14T18:10:05.928730Z", "fetched_at": "2025-07-14T18:10:49.798114+00:00", "symbol": "BTC-USD"}, {"trade_id": 848940349, "side": "sell", "size": "0.00338756", "price": "119742.42000000", "time": "2025-07-14T18:10:05.928730Z", "fetched_at": "2025-07-14T18:10:49.798114+00:00", "symbol": "BTC-USD"}, {"trade_id": 848940348, "side": "sell", "size": "0.00432132", "price": "119742.43000000", "time": "2025-07-14T18:10:05.906963Z", "fetched_at": "2025-07-14T18:10:49.798114+00:00", "symbol": "BTC-USD"}, {"trade_id": 848940347, "side": "sell", "size": "0.00338756", "price": "119742.43000000", "time": "2025-07-14T18:10:05.906963Z", "fetched_at": "2025-07-14T18:10:49.798114+00:00", "symbol": "BTC-USD"}, {"trade_id": 848940346, "side": "sell", "size": "0.00074400", "price": "119740.86000000", "time": "2025-07-14T18:10:05.461158Z", "fetched_at": "2025-07-14T18:10:49.798114+00:00", "symbol": "BTC-USD"}, {"trade_id": 848940345, "side": "buy", "size": "0.21508909", "price": "119738.00000000", "time": "2025-07-14T18:10:05.231493Z", "fetched_at": "2025-07-14T18:10:49.798114+00:00", "symbol": "BTC-USD"}, {"trade_id": 848940344, "side": "buy", "size": "0.00001462", "price": "119742.83000000", "time": "2025-07-14T18:10:05.231493Z", "fetched_at": "2025-07-14T18:10:49.798114+00:00", "symbol": "BTC-USD"}, {"trade_id": 848940343, "side": "sell", "size": "0.00475255", "price": "119742.87000000", "time": "2025-07-14T18:10:04.421186Z", "fetched_at": "2025-07-14T18:10:49.798114+00:00", "symbol": "BTC-USD"}, {"trade_id": 848940342, "side": "buy", "size": "0.00132373", "price": "119742.48000000", "time": "2025-07-14T18:10:04.109511Z", "fetched_at": "2025-07-14T18:10:49.798114+00:00", "symbol": "BTC-USD"}, {"trade_id": 848940341, "side": "buy", "size": "0.00001160", "price": "119742.86000000", "time": "2025-07-14T18:10:04.109511Z", "fetched_at": "2025-07-14T18:10:49.798114+00:00", "symbol": "BTC-USD"}, {"trade_id": 848940340, "side": "buy", "size": "0.00276177", "price": "119741.42000000", "time": "2025-07-14T18:10:03.900549Z", "fetched_at": "2025-07-14T18:10:49.798114+00:00", "symbol": "BTC-USD"}, {"trade_id": 848940339, "side": "buy", "size": "0.00001330", "price": "119742.88000000", "time": "2025-07-14T18:10:03.900549Z", "fetched_at": "2025-07-14T18:10:49.798114+00:00", "symbol": "BTC-USD"}, {"trade_id": 848940338, "side": "buy", "size": "0.00032365", "price": "119741.42000000", "time": "2025-07-14T18:10:03.120906Z", "fetched_at": "2025-07-14T18:10:49.798114+00:00", "symbol": "BTC-USD"}, {"trade_id": 848940337, "side": "buy", "size": "0.00001373", "price": "119742.89000000", "time": "2025-07-14T18:10:03.120906Z", "fetched_at": "2025-07-14T18:10:49.798114+00:00", "symbol": "BTC-USD"}, {"trade_id": 848940336, "side": "sell", "size": "0.01912969", "price": "119742.90000000", "time": "2025-07-14T18:10:03.029150Z", "fetched_at": "2025-07-14T18:10:49.798114+00:00", "symbol": "BTC-USD"}, {"trade_id": 848940335, "side": "sell", "size": "0.16160966", "price": "119742.90000000", "time": "2025-07-14T18:10:02.818607Z", "fetched_at": "2025-07-14T18:10:49.798114+00:00", "symbol": "BTC-USD"}, {"trade_id": 848940334, "side": "sell", "size": "0.05278163", "price": "119742.90000000", "time": "2025-07-14T18:10:02.818607Z", "fetched_at": "2025-07-14T18:10:49.798114+00:00", "symbol": "BTC-USD"}, {"trade_id": 848940333, "side": "sell", "size": "0.00016058", "price": "119742.90000000", "time": "2025-07-14T18:10:02.818607Z", "fetched_at": "2025-07-14T18:10:49.798114+00:00", "symbol": "BTC-USD"}, {"trade_id": 848940332, "side": "sell", "size": "0.02979063", "price": "119742.90000000", "time": "2025-07-14T18:10:02.818607Z", "fetched_at": "2025-07-14T18:10:49.798114+00:00", "symbol": "BTC-USD"}, {"trade_id": 848940331, "side": "sell", "size": "0.00406196", "price": "119742.90000000", "time": "2025-07-14T18:10:02.818607Z", "fetched_at": "2025-07-14T18:10:49.798114+00:00", "symbol": "BTC-USD"}, {"trade_id": 848940330, "side": "sell", "size": "0.00376049", "price": "119742.90000000", "time": "2025-07-14T18:10:02.818607Z", "fetched_at": "2025-07-14T18:10:49.798114+00:00", "symbol": "BTC-USD"}, {"trade_id": 848940329, "side": "sell", "size": "0.00015923", "price": "119738.94000000", "time": "2025-07-14T18:10:02.334425Z", "fetched_at": "2025-07-14T18:10:49.798114+00:00", "symbol": "BTC-USD"}, {"trade_id": 848940328, "side": "buy", "size": "0.01252416", "price": "119739.42000000", "time": "2025-07-14T18:10:02.253515Z", "fetched_at": "2025-07-14T18:10:49.798114+00:00", "symbol": "BTC-USD"}, {"trade_id": 848940327, "side": "buy", "size": "0.00000100", "price": "119739.98000000", "time": "2025-07-14T18:10:02.253515Z", "fetched_at": "2025-07-14T18:10:49.798114+00:00", "symbol": "BTC-USD"}, {"trade_id": 848940326, "side": "buy", "size": "0.00835136", "price": "119741.00000000", "time": "2025-07-14T18:10:02.253515Z", "fetched_at": "2025-07-14T18:10:49.798114+00:00", "symbol": "BTC-USD"}, {"trade_id": 848940325, "side": "buy", "size": "0.00835123", "price": "119742.80000000", "time": "2025-07-14T18:10:02.253515Z", "fetched_at": "2025-07-14T18:10:49.798114+00:00", "symbol": "BTC-USD"}, {"trade_id": 848940324, "side": "buy", "size": "0.00001549", "price": "119742.87000000", "time": "2025-07-14T18:10:02.253515Z", "fetched_at": "2025-07-14T18:10:49.798114+00:00", "symbol": "BTC-USD"}, {"trade_id": 848940323, "side": "buy", "size": "0.00037095", "price": "119742.79000000", "time": "2025-07-14T18:10:01.747778Z", "fetched_at": "2025-07-14T18:10:49.798114+00:00", "symbol": "BTC-USD"}, {"trade_id": 848940322, "side": "buy", "size": "0.00000859", "price": "119742.89000000", "time": "2025-07-14T18:10:01.747778Z", "fetched_at": "2025-07-14T18:10:49.798114+00:00", "symbol": "BTC-USD"}, {"trade_id": 848940321, "side": "sell", "size": "0.00389565", "price": "119742.90000000", "time": "2025-07-14T18:10:00.975308Z", "fetched_at": "2025-07-14T18:10:49.798114+00:00", "symbol": "BTC-USD"}, {"trade_id": 848940320, "side": "sell", "size": "0.00004291", "price": "119742.90000000", "time": "2025-07-14T18:10:00.152243Z", "fetched_at": "2025-07-14T18:10:49.798114+00:00", "symbol": "BTC-USD"}, {"trade_id": 848940319, "side": "sell", "size": "0.00039601", "price": "119742.90000000", "time": "2025-07-14T18:09:59.763003Z", "fetched_at": "2025-07-14T18:10:49.798114+00:00", "symbol": "BTC-USD"}, {"trade_id": 848940318, "side": "buy", "size": "0.00081668", "price": "119739.88000000", "time": "2025-07-14T18:09:59.511378Z", "fetched_at": "2025-07-14T18:10:49.798114+00:00", "symbol": "BTC-USD"}, {"trade_id": 848940317, "side": "buy", "size": "0.00000008", "price": "119739.96000000", "time": "2025-07-14T18:09:59.511378Z", "fetched_at": "2025-07-14T18:10:49.798114+00:00", "symbol": "BTC-USD"}, {"trade_id": 848940316, "side": "buy", "size": "0.00000342", "price": "119742.72000000", "time": "2025-07-14T18:09:59.511378Z", "fetched_at": "2025-07-14T18:10:49.798114+00:00", "symbol": "BTC-USD"}, {"trade_id": 848940315, "side": "buy", "size": "0.00114249", "price": "119741.09000000", "time": "2025-07-14T18:09:59.455076Z", "fetched_at": "2025-07-14T18:10:49.798114+00:00", "symbol": "BTC-USD"}, {"trade_id": 848940314, "side": "buy", "size": "0.00835123", "price": "119742.72000000", "time": "2025-07-14T18:09:59.455076Z", "fetched_at": "2025-07-14T18:10:49.798114+00:00", "symbol": "BTC-USD"}, {"trade_id": 848940313, "side": "buy", "size": "0.00000359", "price": "119750.38000000", "time": "2025-07-14T18:09:59.455076Z", "fetched_at": "2025-07-14T18:10:49.798114+00:00", "symbol": "BTC-USD"}, {"trade_id": 848940312, "side": "sell", "size": "0.00019639", "price": "119750.39000000", "time": "2025-07-14T18:09:58.461759Z", "fetched_at": "2025-07-14T18:10:49.798114+00:00", "symbol": "BTC-USD"}, {"trade_id": 848940311, "side": "sell", "size": "0.00043575", "price": "119750.39000000", "time": "2025-07-14T18:09:58.218612Z", "fetched_at": "2025-07-14T18:10:49.798114+00:00", "symbol": "BTC-USD"}, {"trade_id": 848940310, "side": "sell", "size": "0.00000182", "price": "119750.39000000", "time": "2025-07-14T18:09:58.109008Z", "fetched_at": "2025-07-14T18:10:49.798114+00:00", "symbol": "BTC-USD"}, {"trade_id": 848940309, "side": "sell", "size": "0.00000606", "price": "119750.39000000", "time": "2025-07-14T18:09:57.311399Z", "fetched_at": "2025-07-14T18:10:49.798114+00:00", "symbol": "BTC-USD"}, {"trade_id": 848940308, "side": "buy", "size": "0.00789279", "price": "119744.34000000", "time": "2025-07-14T18:09:57.201746Z", "fetched_at": "2025-07-14T18:10:49.798114+00:00", "symbol": "BTC-USD"}, {"trade_id": 848940307, "side": "buy", "size": "0.00000342", "price": "119744.56000000", "time": "2025-07-14T18:09:57.201746Z", "fetched_at": "2025-07-14T18:10:49.798114+00:00", "symbol": "BTC-USD"}, {"trade_id": 848940306, "side": "buy", "size": "0.00835103", "price": "119745.65000000", "time": "2025-07-14T18:09:57.201746Z", "fetched_at": "2025-07-14T18:10:49.798114+00:00", "symbol": "BTC-USD"}, {"trade_id": 848940305, "side": "buy", "size": "0.00001587", "price": "119746.65000000", "time": "2025-07-14T18:09:57.201746Z", "fetched_at": "2025-07-14T18:10:49.798114+00:00", "symbol": "BTC-USD"}, {"trade_id": 848940304, "side": "buy", "size": "0.00001257", "price": "119750.38000000", "time": "2025-07-14T18:09:57.201746Z", "fetched_at": "2025-07-14T18:10:49.798114+00:00", "symbol": "BTC-USD"}, {"trade_id": 848940303, "side": "buy", "size": "0.00247355", "price": "119751.01000000", "time": "2025-07-14T18:09:56.183791Z", "fetched_at": "2025-07-14T18:10:49.798114+00:00", "symbol": "BTC-USD"}, {"trade_id": 848940302, "side": "sell", "size": "0.00041337", "price": "119751.02000000", "time": "2025-07-14T18:09:56.082420Z", "fetched_at": "2025-07-14T18:10:49.798114+00:00", "symbol": "BTC-USD"}, {"trade_id": 848940301, "side": "sell", "size": "0.00027984", "price": "119751.02000000", "time": "2025-07-14T18:09:55.788590Z", "fetched_at": "2025-07-14T18:10:49.798114+00:00", "symbol": "BTC-USD"}, {"trade_id": 848940300, "side": "buy", "size": "0.00020455", "price": "119751.01000000", "time": "2025-07-14T18:09:54.462548Z", "fetched_at": "2025-07-14T18:10:49.798114+00:00", "symbol": "BTC-USD"}, {"trade_id": 848940299, "side": "buy", "size": "0.00008350", "price": "119751.01000000", "time": "2025-07-14T18:09:54.184944Z", "fetched_at": "2025-07-14T18:10:49.798114+00:00", "symbol": "BTC-USD"}, {"trade_id": 848940298, "side": "buy", "size": "0.00073386", "price": "119751.01000000", "time": "2025-07-14T18:09:54.057018Z", "fetched_at": "2025-07-14T18:10:49.798114+00:00", "symbol": "BTC-USD"}, {"trade_id": 848940297, "side": "buy", "size": "0.00005835", "price": "119751.01000000", "time": "2025-07-14T18:09:53.920769Z", "fetched_at": "2025-07-14T18:10:49.798114+00:00", "symbol": "BTC-USD"}, {"trade_id": 848940296, "side": "buy", "size": "0.00075690", "price": "119755.10000000", "time": "2025-07-14T18:09:52.994224Z", "fetched_at": "2025-07-14T18:10:49.798114+00:00", "symbol": "BTC-USD"}, {"trade_id": 848940295, "side": "buy", "size": "0.00001384", "price": "119755.11000000", "time": "2025-07-14T18:09:52.994224Z", "fetched_at": "2025-07-14T18:10:49.798114+00:00", "symbol": "BTC-USD"}, {"trade_id": 848940294, "side": "buy", "size": "0.03070917", "price": "119757.27000000", "time": "2025-07-14T18:09:51.923150Z", "fetched_at": "2025-07-14T18:10:49.798114+00:00", "symbol": "BTC-USD"}, {"trade_id": 848940293, "side": "buy", "size": "0.00303127", "price": "119757.27000000", "time": "2025-07-14T18:09:51.923150Z", "fetched_at": "2025-07-14T18:10:49.798114+00:00", "symbol": "BTC-USD"}, {"trade_id": 848940292, "side": "sell", "size": "0.00372321", "price": "119757.28000000", "time": "2025-07-14T18:09:51.916415Z", "fetched_at": "2025-07-14T18:10:49.798114+00:00", "symbol": "BTC-USD"}, {"trade_id": 848940291, "side": "sell", "size": "0.00826828", "price": "119757.28000000", "time": "2025-07-14T18:09:51.024242Z", "fetched_at": "2025-07-14T18:10:49.798114+00:00", "symbol": "BTC-USD"}, {"trade_id": 848940290, "side": "buy", "size": "0.00297501", "price": "119757.27000000", "time": "2025-07-14T18:09:50.868718Z", "fetched_at": "2025-07-14T18:10:49.798114+00:00", "symbol": "BTC-USD"}, {"trade_id": 848940289, "side": "buy", "size": "0.00002499", "price": "119757.27000000", "time": "2025-07-14T18:09:50.868718Z", "fetched_at": "2025-07-14T18:10:49.798114+00:00", "symbol": "BTC-USD"}, {"trade_id": 848940288, "side": "sell", "size": "0.00074994", "price": "119757.28000000", "time": "2025-07-14T18:09:49.505178Z", "fetched_at": "2025-07-14T18:10:49.798114+00:00", "symbol": "BTC-USD"}, {"trade_id": 848940287, "side": "sell", "size": "0.00005167", "price": "119757.28000000", "time": "2025-07-14T18:09:49.505178Z", "fetched_at": "2025-07-14T18:10:49.798114+00:00", "symbol": "BTC-USD"}, {"trade_id": 848940286, "side": "sell", "size": "0.00001000", "price": "119757.28000000", "time": "2025-07-14T18:09:49.505178Z", "fetched_at": "2025-07-14T18:10:49.798114+00:00", "symbol": "BTC-USD"}, {"trade_id": 848940285, "side": "sell", "size": "0.02124295", "price": "119746.65000000", "time": "2025-07-14T18:09:48.972701Z", "fetched_at": "2025-07-14T18:10:49.798114+00:00", "symbol": "BTC-USD"}, {"trade_id": 848940284, "side": "sell", "size": "0.00566487", "price": "119746.65000000", "time": "2025-07-14T18:09:48.968283Z", "fetched_at": "2025-07-14T18:10:49.798114+00:00", "symbol": "BTC-USD"}, {"trade_id": 848940283, "side": "sell", "size": "0.00430444", "price": "119746.65000000", "time": "2025-07-14T18:09:48.961202Z", "fetched_at": "2025-07-14T18:10:49.798114+00:00", "symbol": "BTC-USD"}, {"trade_id": 848940282, "side": "sell", "size": "0.02187788", "price": "119746.65000000", "time": "2025-07-14T18:09:48.951523Z", "fetched_at": "2025-07-14T18:10:49.798114+00:00", "symbol": "BTC-USD"}, {"trade_id": 848940281, "side": "sell", "size": "0.04569153", "price": "119746.65000000", "time": "2025-07-14T18:09:48.945813Z", "fetched_at": "2025-07-14T18:10:49.798114+00:00", "symbol": "BTC-USD"}, {"trade_id": 848940280, "side": "sell", "size": "0.03324225", "price": "119746.65000000", "time": "2025-07-14T18:09:48.932641Z", "fetched_at": "2025-07-14T18:10:49.798114+00:00", "symbol": "BTC-USD"}, {"trade_id": 848940279, "side": "sell", "size": "0.07354363", "price": "119746.65000000", "time": "2025-07-14T18:09:48.927374Z", "fetched_at": "2025-07-14T18:10:49.798114+00:00", "symbol": "BTC-USD"}, {"trade_id": 848940278, "side": "sell", "size": "0.00864113", "price": "119746.60000000", "time": "2025-07-14T18:09:48.927374Z", "fetched_at": "2025-07-14T18:10:49.798114+00:00", "symbol": "BTC-USD"}, {"trade_id": 848940277, "side": "sell", "size": "0.01678109", "price": "119746.60000000", "time": "2025-07-14T18:09:48.923303Z", "fetched_at": "2025-07-14T18:10:49.798114+00:00", "symbol": "BTC-USD"}, {"trade_id": 848940276, "side": "sell", "size": "0.03283137", "price": "119746.60000000", "time": "2025-07-14T18:09:48.919894Z", "fetched_at": "2025-07-14T18:10:49.798114+00:00", "symbol": "BTC-USD"}, {"trade_id": 848940275, "side": "sell", "size": "0.16953228", "price": "119746.60000000", "time": "2025-07-14T18:09:48.824174Z", "fetched_at": "2025-07-14T18:10:49.798114+00:00", "symbol": "BTC-USD"}, {"trade_id": 848940274, "side": "sell", "size": "0.00637778", "price": "119746.60000000", "time": "2025-07-14T18:09:48.804312Z", "fetched_at": "2025-07-14T18:10:49.798114+00:00", "symbol": "BTC-USD"}, {"trade_id": 848940273, "side": "sell", "size": "0.00035137", "price": "119746.63000000", "time": "2025-07-14T18:09:48.258110Z", "fetched_at": "2025-07-14T18:10:49.798114+00:00", "symbol": "BTC-USD"}, {"trade_id": 848940272, "side": "sell", "size": "0.00005442", "price": "119746.62000000", "time": "2025-07-14T18:09:48.258110Z", "fetched_at": "2025-07-14T18:10:49.798114+00:00", "symbol": "BTC-USD"}, {"trade_id": 848940271, "side": "sell", "size": "0.00034273", "price": "119746.64000000", "time": "2025-07-14T18:09:47.509540Z", "fetched_at": "2025-07-14T18:10:49.798114+00:00", "symbol": "BTC-USD"}, {"trade_id": 848940270, "side": "sell", "size": "0.00005330", "price": "119746.63000000", "time": "2025-07-14T18:09:47.509540Z", "fetched_at": "2025-07-14T18:10:49.798114+00:00", "symbol": "BTC-USD"}, {"trade_id": 848940269, "side": "buy", "size": "0.00000121", "price": "119746.08000000", "time": "2025-07-14T18:09:47.041203Z", "fetched_at": "2025-07-14T18:10:49.798114+00:00", "symbol": "BTC-USD"}, {"trade_id": 848940268, "side": "sell", "size": "0.00039600", "price": "119746.61000000", "time": "2025-07-14T18:09:47.001561Z", "fetched_at": "2025-07-14T18:10:49.798114+00:00", "symbol": "BTC-USD"}, {"trade_id": 848940267, "side": "buy", "size": "0.00000475", "price": "119746.08000000", "time": "2025-07-14T18:09:46.981058Z", "fetched_at": "2025-07-14T18:10:49.798114+00:00", "symbol": "BTC-USD"}, {"trade_id": 848940266, "side": "sell", "size": "0.00401185", "price": "119746.64000000", "time": "2025-07-14T18:09:46.711745Z", "fetched_at": "2025-07-14T18:10:49.798114+00:00", "symbol": "BTC-USD"}, {"trade_id": 848940265, "side": "sell", "size": "0.00004622", "price": "119746.63000000", "time": "2025-07-14T18:09:46.711745Z", "fetched_at": "2025-07-14T18:10:49.798114+00:00", "symbol": "BTC-USD"}, {"trade_id": 848940264, "side": "buy", "size": "0.00185958", "price": "119746.16000000", "time": "2025-07-14T18:09:46.615356Z", "fetched_at": "2025-07-14T18:10:49.798114+00:00", "symbol": "BTC-USD"}, {"trade_id": 848940263, "side": "sell", "size": "0.00079205", "price": "119746.65000000", "time": "2025-07-14T18:09:46.559806Z", "fetched_at": "2025-07-14T18:10:49.798114+00:00", "symbol": "BTC-USD"}, {"trade_id": 848940262, "side": "sell", "size": "0.00178217", "price": "119746.64000000", "time": "2025-07-14T18:09:46.308461Z", "fetched_at": "2025-07-14T18:10:49.798114+00:00", "symbol": "BTC-USD"}, {"trade_id": 848940261, "side": "buy", "size": "0.00684300", "price": "119746.28000000", "time": "2025-07-14T18:09:46.049247Z", "fetched_at": "2025-07-14T18:10:49.798114+00:00", "symbol": "BTC-USD"}, {"trade_id": 848940260, "side": "buy", "size": "0.00000342", "price": "119746.64000000", "time": "2025-07-14T18:09:46.049247Z", "fetched_at": "2025-07-14T18:10:49.798114+00:00", "symbol": "BTC-USD"}, {"trade_id": 848940259, "side": "buy", "size": "0.00120335", "price": "119746.64000000", "time": "2025-07-14T18:09:46.049247Z", "fetched_at": "2025-07-14T18:10:49.798114+00:00", "symbol": "BTC-USD"}, {"trade_id": 848940258, "side": "buy", "size": "0.00021757", "price": "119746.64000000", "time": "2025-07-14T18:09:44.971545Z", "fetched_at": "2025-07-14T18:10:49.798114+00:00", "symbol": "BTC-USD"}, {"trade_id": 848940257, "side": "sell", "size": "0.00040575", "price": "119746.65000000", "time": "2025-07-14T18:09:44.573887Z", "fetched_at": "2025-07-14T18:10:49.798114+00:00", "symbol": "BTC-USD"}, {"trade_id": 848940256, "side": "buy", "size": "0.00002511", "price": "119746.64000000", "time": "2025-07-14T18:09:44.112938Z", "fetched_at": "2025-07-14T18:10:49.798114+00:00", "symbol": "BTC-USD"}, {"trade_id": 848940255, "side": "sell", "size": "0.00024263", "price": "119746.65000000", "time": "2025-07-14T18:09:43.293367Z", "fetched_at": "2025-07-14T18:10:49.798114+00:00", "symbol": "BTC-USD"}, {"trade_id": 848940254, "side": "buy", "size": "0.00416826", "price": "119746.64000000", "time": "2025-07-14T18:09:43.064713Z", "fetched_at": "2025-07-14T18:10:49.798114+00:00", "symbol": "BTC-USD"}, {"trade_id": 848940253, "side": "sell", "size": "0.00008112", "price": "119746.65000000", "time": "2025-07-14T18:09:42.795443Z", "fetched_at": "2025-07-14T18:10:49.798114+00:00", "symbol": "BTC-USD"}, {"trade_id": 848940252, "side": "buy", "size": "0.00692179", "price": "119746.64000000", "time": "2025-07-14T18:09:42.355109Z", "fetched_at": "2025-07-14T18:10:49.798114+00:00", "symbol": "BTC-USD"}, {"trade_id": 848940251, "side": "sell", "size": "0.00835167", "price": "119736.51000000", "time": "2025-07-14T18:09:42.228776Z", "fetched_at": "2025-07-14T18:10:49.798114+00:00", "symbol": "BTC-USD"}, {"trade_id": 848940250, "side": "sell", "size": "0.03699598", "price": "119736.05000000", "time": "2025-07-14T18:09:42.228776Z", "fetched_at": "2025-07-14T18:10:49.798114+00:00", "symbol": "BTC-USD"}, {"trade_id": 848940249, "side": "sell", "size": "0.15704129", "price": "119736.05000000", "time": "2025-07-14T18:09:42.228679Z", "fetched_at": "2025-07-14T18:10:49.798114+00:00", "symbol": "BTC-USD"}, {"trade_id": 848940248, "side": "sell", "size": "0.09239475", "price": "119736.05000000", "time": "2025-07-14T18:09:42.228606Z", "fetched_at": "2025-07-14T18:10:49.798114+00:00", "symbol": "BTC-USD"}, {"trade_id": 848940247, "side": "sell", "size": "0.11641922", "price": "119736.05000000", "time": "2025-07-14T18:09:42.228583Z", "fetched_at": "2025-07-14T18:10:49.798114+00:00", "symbol": "BTC-USD"}, {"trade_id": 848940246, "side": "sell", "size": "0.01088551", "price": "119736.05000000", "time": "2025-07-14T18:09:42.228303Z", "fetched_at": "2025-07-14T18:10:49.798114+00:00", "symbol": "BTC-USD"}, {"trade_id": 848940245, "side": "sell", "size": "0.01013931", "price": "119734.71000000", "time": "2025-07-14T18:09:42.226950Z", "fetched_at": "2025-07-14T18:10:49.798114+00:00", "symbol": "BTC-USD"}, {"trade_id": 848940244, "side": "sell", "size": "0.00002969", "price": "119734.71000000", "time": "2025-07-14T18:09:42.226919Z", "fetched_at": "2025-07-14T18:10:49.798114+00:00", "symbol": "BTC-USD"}, {"trade_id": 848940243, "side": "sell", "size": "0.00003900", "price": "119734.71000000", "time": "2025-07-14T18:09:42.226919Z", "fetched_at": "2025-07-14T18:10:49.798114+00:00", "symbol": "BTC-USD"}, {"trade_id": 848940242, "side": "sell", "size": "0.00608600", "price": "119734.71000000", "time": "2025-07-14T18:09:42.226919Z", "fetched_at": "2025-07-14T18:10:49.798114+00:00", "symbol": "BTC-USD"}, {"trade_id": 848940241, "side": "sell", "size": "0.03919296", "price": "119734.71000000", "time": "2025-07-14T18:09:42.226919Z", "fetched_at": "2025-07-14T18:10:49.798114+00:00", "symbol": "BTC-USD"}, {"trade_id": 848940240, "side": "sell", "size": "0.18542801", "price": "119734.71000000", "time": "2025-07-14T18:09:42.226315Z", "fetched_at": "2025-07-14T18:10:49.798114+00:00", "symbol": "BTC-USD"}, {"trade_id": 848940239, "side": "sell", "size": "0.02162112", "price": "119734.71000000", "time": "2025-07-14T18:09:42.214848Z", "fetched_at": "2025-07-14T18:10:49.798114+00:00", "symbol": "BTC-USD"}, {"trade_id": 848940238, "side": "sell", "size": "0.00020262", "price": "119734.71000000", "time": "2025-07-14T18:09:42.214848Z", "fetched_at": "2025-07-14T18:10:49.798114+00:00", "symbol": "BTC-USD"}, {"trade_id": 848940237, "side": "sell", "size": "0.00706008", "price": "119734.71000000", "time": "2025-07-14T18:09:42.214848Z", "fetched_at": "2025-07-14T18:10:49.798114+00:00", "symbol": "BTC-USD"}, {"trade_id": 848940236, "side": "sell", "size": "0.01484408", "price": "119734.71000000", "time": "2025-07-14T18:09:42.200870Z", "fetched_at": "2025-07-14T18:10:49.798114+00:00", "symbol": "BTC-USD"}, {"trade_id": 848940235, "side": "sell", "size": "0.13180170", "price": "119734.71000000", "time": "2025-07-14T18:09:42.193774Z", "fetched_at": "2025-07-14T18:10:49.798114+00:00", "symbol": "BTC-USD"}, {"trade_id": 848940234, "side": "sell", "size": "0.00826683", "price": "119734.71000000", "time": "2025-07-14T18:09:41.920247Z", "fetched_at": "2025-07-14T18:10:49.798114+00:00", "symbol": "BTC-USD"}, {"trade_id": 848940233, "side": "sell", "size": "0.00190171", "price": "119734.71000000", "time": "2025-07-14T18:09:41.885794Z", "fetched_at": "2025-07-14T18:10:49.798114+00:00", "symbol": "BTC-USD"}, {"trade_id": 848940232, "side": "sell", "size": "0.00003927", "price": "119734.71000000", "time": "2025-07-14T18:09:41.368459Z", "fetched_at": "2025-07-14T18:10:49.798114+00:00", "symbol": "BTC-USD"}, {"trade_id": 848940231, "side": "sell", "size": "0.00608633", "price": "119734.71000000", "time": "2025-07-14T18:09:40.504053Z", "fetched_at": "2025-07-14T18:10:49.798114+00:00", "symbol": "BTC-USD"}, {"trade_id": 848940230, "side": "buy", "size": "0.00004175", "price": "119734.70000000", "time": "2025-07-14T18:09:39.448390Z", "fetched_at": "2025-07-14T18:10:49.798114+00:00", "symbol": "BTC-USD"}, {"trade_id": 848940229, "side": "sell", "size": "0.00023000", "price": "119734.71000000", "time": "2025-07-14T18:09:38.770823Z", "fetched_at": "2025-07-14T18:10:49.798114+00:00", "symbol": "BTC-USD"}, {"trade_id": 848940228, "side": "sell", "size": "0.00013156", "price": "119736.77000000", "time": "2025-07-14T18:09:38.506389Z", "fetched_at": "2025-07-14T18:10:49.798114+00:00", "symbol": "BTC-USD"}, {"trade_id": 848940227, "side": "buy", "size": "0.00424407", "price": "119737.00000000", "time": "2025-07-14T18:09:38.200646Z", "fetched_at": "2025-07-14T18:10:49.798114+00:00", "symbol": "BTC-USD"}, {"trade_id": 848940226, "side": "buy", "size": "0.00000342", "price": "119737.43000000", "time": "2025-07-14T18:09:38.200646Z", "fetched_at": "2025-07-14T18:10:49.798114+00:00", "symbol": "BTC-USD"}, {"trade_id": 848940225, "side": "buy", "size": "0.00002121", "price": "119737.43000000", "time": "2025-07-14T18:09:38.200646Z", "fetched_at": "2025-07-14T18:10:49.798114+00:00", "symbol": "BTC-USD"}, {"trade_id": 848940224, "side": "sell", "size": "0.00067325", "price": "119740.15000000", "time": "2025-07-14T18:09:37.666945Z", "fetched_at": "2025-07-14T18:10:49.798114+00:00", "symbol": "BTC-USD"}, {"trade_id": 848940223, "side": "buy", "size": "0.00635003", "price": "119738.00000000", "time": "2025-07-14T18:09:37.614482Z", "fetched_at": "2025-07-14T18:10:49.798114+00:00", "symbol": "BTC-USD"}, {"trade_id": 848940222, "side": "buy", "size": "0.00001000", "price": "119739.32000000", "time": "2025-07-14T18:09:37.614482Z", "fetched_at": "2025-07-14T18:10:49.798114+00:00", "symbol": "BTC-USD"}, {"trade_id": 848940221, "side": "sell", "size": "0.00811461", "price": "119743.17000000", "time": "2025-07-14T18:09:37.435339Z", "fetched_at": "2025-07-14T18:10:49.798114+00:00", "symbol": "BTC-USD"}, {"trade_id": 848940220, "side": "sell", "size": "0.00041251", "price": "119742.32000000", "time": "2025-07-14T18:09:36.897737Z", "fetched_at": "2025-07-14T18:10:49.798114+00:00", "symbol": "BTC-USD"}, {"trade_id": 848940219, "side": "sell", "size": "0.00016791", "price": "119745.35000000", "time": "2025-07-14T18:09:36.775990Z", "fetched_at": "2025-07-14T18:10:49.798114+00:00", "symbol": "BTC-USD"}, {"trade_id": 848940218, "side": "sell", "size": "0.00007555", "price": "119745.32000000", "time": "2025-07-14T18:09:36.775990Z", "fetched_at": "2025-07-14T18:10:49.798114+00:00", "symbol": "BTC-USD"}, {"trade_id": 848940217, "side": "buy", "size": "0.01252281", "price": "119747.11000000", "time": "2025-07-14T18:09:36.478944Z", "fetched_at": "2025-07-14T18:10:49.798114+00:00", "symbol": "BTC-USD"}, {"trade_id": 848940216, "side": "sell", "size": "0.00033023", "price": "119755.68000000", "time": "2025-07-14T18:09:35.928118Z", "fetched_at": "2025-07-14T18:10:49.798114+00:00", "symbol": "BTC-USD"}, {"trade_id": 848940215, "side": "sell", "size": "0.00007552", "price": "119755.67000000", "time": "2025-07-14T18:09:35.928118Z", "fetched_at": "2025-07-14T18:10:49.798114+00:00", "symbol": "BTC-USD"}, {"trade_id": 848940214, "side": "sell", "size": "0.05828388", "price": "119745.59000000", "time": "2025-07-14T18:09:35.663684Z", "fetched_at": "2025-07-14T18:10:49.798114+00:00", "symbol": "BTC-USD"}, {"trade_id": 848940213, "side": "sell", "size": "0.11166033", "price": "119745.59000000", "time": "2025-07-14T18:09:35.662762Z", "fetched_at": "2025-07-14T18:10:49.798114+00:00", "symbol": "BTC-USD"}, {"trade_id": 848940212, "side": "sell", "size": "0.00005500", "price": "119745.59000000", "time": "2025-07-14T18:09:35.662762Z", "fetched_at": "2025-07-14T18:10:49.798114+00:00", "symbol": "BTC-USD"}, {"trade_id": 848940211, "side": "sell", "size": "0.00835135", "price": "119741.13000000", "time": "2025-07-14T18:09:35.660139Z", "fetched_at": "2025-07-14T18:10:49.798114+00:00", "symbol": "BTC-USD"}, {"trade_id": 848940210, "side": "sell", "size": "0.29040817", "price": "119739.33000000", "time": "2025-07-14T18:09:35.659079Z", "fetched_at": "2025-07-14T18:10:49.798114+00:00", "symbol": "BTC-USD"}, {"trade_id": 848940209, "side": "sell", "size": "0.00020412", "price": "119739.33000000", "time": "2025-07-14T18:09:35.659079Z", "fetched_at": "2025-07-14T18:10:49.798114+00:00", "symbol": "BTC-USD"}, {"trade_id": 848940208, "side": "buy", "size": "0.08290542", "price": "119743.58000000", "time": "2025-07-14T18:09:34.088735Z", "fetched_at": "2025-07-14T18:10:49.798114+00:00", "symbol": "BTC-USD"}, {"trade_id": 848940207, "side": "buy", "size": "0.00835118", "price": "119743.62000000", "time": "2025-07-14T18:09:34.088735Z", "fetched_at": "2025-07-14T18:10:49.798114+00:00", "symbol": "BTC-USD"}, {"trade_id": 848940206, "side": "buy", "size": "0.04038542", "price": "119744.58000000", "time": "2025-07-14T18:09:34.088735Z", "fetched_at": "2025-07-14T18:10:49.798114+00:00", "symbol": "BTC-USD"}, {"trade_id": 848940205, "side": "buy", "size": "0.00000133", "price": "119745.42000000", "time": "2025-07-14T18:09:34.088735Z", "fetched_at": "2025-07-14T18:10:49.798114+00:00", "symbol": "BTC-USD"}, {"trade_id": 848940204, "side": "buy", "size": "0.00339151", "price": "119745.42000000", "time": "2025-07-14T18:09:34.088735Z", "fetched_at": "2025-07-14T18:10:49.798114+00:00", "symbol": "BTC-USD"}, {"trade_id": 848940203, "side": "buy", "size": "0.01331578", "price": "119745.42000000", "time": "2025-07-14T18:09:34.088735Z", "fetched_at": "2025-07-14T18:10:49.798114+00:00", "symbol": "BTC-USD"}, {"trade_id": 848940202, "side": "buy", "size": "0.00001000", "price": "119748.30000000", "time": "2025-07-14T18:09:33.471679Z", "fetched_at": "2025-07-14T18:10:49.798114+00:00", "symbol": "BTC-USD"}, {"trade_id": 848940201, "side": "buy", "size": "0.00835083", "price": "119748.52000000", "time": "2025-07-14T18:09:33.471679Z", "fetched_at": "2025-07-14T18:10:49.798114+00:00", "symbol": "BTC-USD"}, {"trade_id": 848940200, "side": "buy", "size": "0.00000350", "price": "119750.00000000", "time": "2025-07-14T18:09:33.471679Z", "fetched_at": "2025-07-14T18:10:49.798114+00:00", "symbol": "BTC-USD"}, {"trade_id": 848940199, "side": "buy", "size": "0.00223057", "price": "119750.00000000", "time": "2025-07-14T18:09:33.471679Z", "fetched_at": "2025-07-14T18:10:49.798114+00:00", "symbol": "BTC-USD"}, {"trade_id": 848940198, "side": "sell", "size": "0.00081129", "price": "119750.01000000", "time": "2025-07-14T18:09:32.887659Z", "fetched_at": "2025-07-14T18:10:49.798114+00:00", "symbol": "BTC-USD"}, {"trade_id": 848940197, "side": "sell", "size": "0.00448315", "price": "119750.01000000", "time": "2025-07-14T18:09:31.705565Z", "fetched_at": "2025-07-14T18:10:49.798114+00:00", "symbol": "BTC-USD"}, {"trade_id": 848940196, "side": "sell", "size": "0.01000000", "price": "119750.01000000", "time": "2025-07-14T18:09:31.705565Z", "fetched_at": "2025-07-14T18:10:49.798114+00:00", "symbol": "BTC-USD"}, {"trade_id": 848940195, "side": "sell", "size": "0.02543800", "price": "119750.01000000", "time": "2025-07-14T18:09:31.705565Z", "fetched_at": "2025-07-14T18:10:49.798114+00:00", "symbol": "BTC-USD"}, {"trade_id": 848940194, "side": "sell", "size": "0.00081144", "price": "119750.01000000", "time": "2025-07-14T18:09:31.692828Z", "fetched_at": "2025-07-14T18:10:49.798114+00:00", "symbol": "BTC-USD"}, {"trade_id": 848940193, "side": "sell", "size": "0.00003927", "price": "119750.01000000", "time": "2025-07-14T18:09:31.245551Z", "fetched_at": "2025-07-14T18:10:49.798114+00:00", "symbol": "BTC-USD"}, {"trade_id": 848940192, "side": "buy", "size": "0.00253021", "price": "119750.00000000", "time": "2025-07-14T18:09:31.136875Z", "fetched_at": "2025-07-14T18:10:49.798114+00:00", "symbol": "BTC-USD"}, {"trade_id": 848940191, "side": "buy", "size": "0.00170306", "price": "119750.00000000", "time": "2025-07-14T18:09:30.438930Z", "fetched_at": "2025-07-14T18:10:49.798114+00:00", "symbol": "BTC-USD"}, {"trade_id": 848940190, "side": "sell", "size": "0.00016228", "price": "119750.01000000", "time": "2025-07-14T18:09:30.417994Z", "fetched_at": "2025-07-14T18:10:49.798114+00:00", "symbol": "BTC-USD"}, {"trade_id": 848940189, "side": "buy", "size": "0.00097580", "price": "119750.00000000", "time": "2025-07-14T18:09:30.406687Z", "fetched_at": "2025-07-14T18:10:49.798114+00:00", "symbol": "BTC-USD"}, {"trade_id": 848940188, "side": "sell", "size": "0.00001290", "price": "119750.01000000", "time": "2025-07-14T18:09:30.336163Z", "fetched_at": "2025-07-14T18:10:49.798114+00:00", "symbol": "BTC-USD"}, {"trade_id": 848940187, "side": "sell", "size": "0.00051665", "price": "119750.32000000", "time": "2025-07-14T18:09:30.031999Z", "fetched_at": "2025-07-14T18:10:49.798114+00:00", "symbol": "BTC-USD"}, {"trade_id": 848940186, "side": "sell", "size": "0.00005137", "price": "119750.01000000", "time": "2025-07-14T18:09:30.031999Z", "fetched_at": "2025-07-14T18:10:49.798114+00:00", "symbol": "BTC-USD"}, {"trade_id": 848940185, "side": "buy", "size": "0.00056036", "price": "119750.00000000", "time": "2025-07-14T18:09:29.247069Z", "fetched_at": "2025-07-14T18:10:49.798114+00:00", "symbol": "BTC-USD"}, {"trade_id": 848940184, "side": "buy", "size": "0.00000108", "price": "119750.32000000", "time": "2025-07-14T18:09:29.247069Z", "fetched_at": "2025-07-14T18:10:49.798114+00:00", "symbol": "BTC-USD"}, {"trade_id": 848940183, "side": "sell", "size": "0.00005785", "price": "119751.68000000", "time": "2025-07-14T18:09:28.381564Z", "fetched_at": "2025-07-14T18:10:49.798114+00:00", "symbol": "BTC-USD"}, {"trade_id": 848940182, "side": "buy", "size": "0.95499658", "price": "119752.00000000", "time": "2025-07-14T18:09:28.218910Z", "fetched_at": "2025-07-14T18:10:49.798114+00:00", "symbol": "BTC-USD"}, {"trade_id": 848940181, "side": "buy", "size": "0.00000342", "price": "119752.01000000", "time": "2025-07-14T18:09:28.218910Z", "fetched_at": "2025-07-14T18:10:49.798114+00:00", "symbol": "BTC-USD"}, {"trade_id": 848940180, "side": "buy", "size": "0.03500000", "price": "119752.21000000", "time": "2025-07-14T18:09:28.218910Z", "fetched_at": "2025-07-14T18:10:49.798114+00:00", "symbol": "BTC-USD"}, {"trade_id": 848940179, "side": "buy", "size": "0.01000000", "price": "119752.22000000", "time": "2025-07-14T18:09:28.218910Z", "fetched_at": "2025-07-14T18:10:49.798114+00:00", "symbol": "BTC-USD"}, {"trade_id": 848940178, "side": "sell", "size": "0.00040562", "price": "119753.64000000", "time": "2025-07-14T18:09:27.752707Z", "fetched_at": "2025-07-14T18:10:49.798114+00:00", "symbol": "BTC-USD"}, {"trade_id": 848940177, "side": "buy", "size": "0.00000636", "price": "119751.67000000", "time": "2025-07-14T18:09:27.466289Z", "fetched_at": "2025-07-14T18:10:49.798114+00:00", "symbol": "BTC-USD"}, {"trade_id": 848940176, "side": "buy", "size": "0.00000116", "price": "119751.90000000", "time": "2025-07-14T18:09:27.466289Z", "fetched_at": "2025-07-14T18:10:49.798114+00:00", "symbol": "BTC-USD"}, {"trade_id": 848940175, "side": "sell", "size": "0.00009084", "price": "119753.63000000", "time": "2025-07-14T18:09:27.295087Z", "fetched_at": "2025-07-14T18:10:49.798114+00:00", "symbol": "BTC-USD"}, {"trade_id": 848940174, "side": "buy", "size": "0.00001756", "price": "119752.87000000", "time": "2025-07-14T18:09:27.111445Z", "fetched_at": "2025-07-14T18:10:49.798114+00:00", "symbol": "BTC-USD"}, {"trade_id": 848940173, "side": "sell", "size": "0.00000818", "price": "119753.65000000", "time": "2025-07-14T18:09:26.729718Z", "fetched_at": "2025-07-14T18:10:49.798114+00:00", "symbol": "BTC-USD"}, {"trade_id": 848940172, "side": "sell", "size": "0.00570096", "price": "119754.86000000", "time": "2025-07-14T18:09:25.858832Z", "fetched_at": "2025-07-14T18:10:49.798114+00:00", "symbol": "BTC-USD"}, {"trade_id": 848940171, "side": "sell", "size": "0.00835039", "price": "119754.85000000", "time": "2025-07-14T18:09:25.858832Z", "fetched_at": "2025-07-14T18:10:49.798114+00:00", "symbol": "BTC-USD"}, {"trade_id": 848940170, "side": "buy", "size": "0.00029929", "price": "119751.63000000", "time": "2025-07-14T18:09:25.639336Z", "fetched_at": "2025-07-14T18:10:49.798114+00:00", "symbol": "BTC-USD"}, {"trade_id": 848940169, "side": "buy", "size": "0.00000116", "price": "119751.90000000", "time": "2025-07-14T18:09:25.639336Z", "fetched_at": "2025-07-14T18:10:49.798114+00:00", "symbol": "BTC-USD"}, {"trade_id": 848940168, "side": "buy", "size": "0.01252263", "price": "119754.86000000", "time": "2025-07-14T18:09:25.014649Z", "fetched_at": "2025-07-14T18:10:49.798114+00:00", "symbol": "BTC-USD"}, {"trade_id": 848940167, "side": "sell", "size": "0.00000012", "price": "119754.87000000", "time": "2025-07-14T18:09:24.993341Z", "fetched_at": "2025-07-14T18:10:49.798114+00:00", "symbol": "BTC-USD"}, {"trade_id": 848940166, "side": "sell", "size": "0.01685767", "price": "119754.87000000", "time": "2025-07-14T18:09:24.787245Z", "fetched_at": "2025-07-14T18:10:49.798114+00:00", "symbol": "BTC-USD"}, {"trade_id": 848940165, "side": "sell", "size": "0.00082671", "price": "119755.91000000", "time": "2025-07-14T18:09:24.527506Z", "fetched_at": "2025-07-14T18:10:49.798114+00:00", "symbol": "BTC-USD"}, {"trade_id": 848940164, "side": "buy", "size": "0.37982304", "price": "119755.00000000", "time": "2025-07-14T18:09:24.165975Z", "fetched_at": "2025-07-14T18:10:49.798114+00:00", "symbol": "BTC-USD"}, {"trade_id": 848940163, "side": "buy", "size": "0.01249722", "price": "119755.18000000", "time": "2025-07-14T18:09:24.165975Z", "fetched_at": "2025-07-14T18:10:49.798114+00:00", "symbol": "BTC-USD"}, {"trade_id": 848940162, "side": "buy", "size": "0.00002505", "price": "119755.18000000", "time": "2025-07-14T18:09:24.056431Z", "fetched_at": "2025-07-14T18:10:49.798114+00:00", "symbol": "BTC-USD"}, {"trade_id": 848940161, "side": "buy", "size": "0.00125881", "price": "119755.26000000", "time": "2025-07-14T18:09:23.819416Z", "fetched_at": "2025-07-14T18:10:49.798114+00:00", "symbol": "BTC-USD"}, {"trade_id": 848940160, "side": "buy", "size": "0.00000342", "price": "119755.69000000", "time": "2025-07-14T18:09:23.819416Z", "fetched_at": "2025-07-14T18:10:49.798114+00:00", "symbol": "BTC-USD"}, {"trade_id": 848940159, "side": "buy", "size": "0.00002161", "price": "119754.54000000", "time": "2025-07-14T18:09:22.405456Z", "fetched_at": "2025-07-14T18:10:49.798114+00:00", "symbol": "BTC-USD"}, {"trade_id": 848940158, "side": "buy", "size": "0.01252225", "price": "119755.23000000", "time": "2025-07-14T18:09:22.405456Z", "fetched_at": "2025-07-14T18:10:49.798114+00:00", "symbol": "BTC-USD"}, {"trade_id": 848940157, "side": "sell", "size": "0.00004908", "price": "119755.23000000", "time": "2025-07-14T18:09:22.044510Z", "fetched_at": "2025-07-14T18:10:49.798114+00:00", "symbol": "BTC-USD"}, {"trade_id": 848940156, "side": "sell", "size": "0.00000822", "price": "119755.23000000", "time": "2025-07-14T18:09:22.025607Z", "fetched_at": "2025-07-14T18:10:49.798114+00:00", "symbol": "BTC-USD"}, {"trade_id": 848940155, "side": "sell", "size": "0.00005268", "price": "119755.22000000", "time": "2025-07-14T18:09:22.025607Z", "fetched_at": "2025-07-14T18:10:49.798114+00:00", "symbol": "BTC-USD"}, {"trade_id": 848940154, "side": "buy", "size": "0.00011245", "price": "119755.52000000", "time": "2025-07-14T18:09:20.726259Z", "fetched_at": "2025-07-14T18:10:49.798114+00:00", "symbol": "BTC-USD"}, {"trade_id": 848940153, "side": "buy", "size": "0.00792918", "price": "119755.52000000", "time": "2025-07-14T18:09:20.651897Z", "fetched_at": "2025-07-14T18:10:49.798114+00:00", "symbol": "BTC-USD"}, {"trade_id": 848940152, "side": "sell", "size": "0.02733062", "price": "119755.53000000", "time": "2025-07-14T18:09:20.350804Z", "fetched_at": "2025-07-14T18:10:49.798114+00:00", "symbol": "BTC-USD"}, {"trade_id": 848940151, "side": "sell", "size": "0.05532277", "price": "119755.52000000", "time": "2025-07-14T18:09:20.350804Z", "fetched_at": "2025-07-14T18:10:49.798114+00:00", "symbol": "BTC-USD"}, {"trade_id": 848940150, "side": "buy", "size": "0.00125862", "price": "119754.33000000", "time": "2025-07-14T18:09:20.265400Z", "fetched_at": "2025-07-14T18:10:49.798114+00:00", "symbol": "BTC-USD"}, {"trade_id": 848940149, "side": "buy", "size": "0.00100938", "price": "119754.33000000", "time": "2025-07-14T18:09:20.065449Z", "fetched_at": "2025-07-14T18:10:49.798114+00:00", "symbol": "BTC-USD"}, {"trade_id": 848940148, "side": "buy", "size": "0.00024842", "price": "119751.90000000", "time": "2025-07-14T18:09:19.779156Z", "fetched_at": "2025-07-14T18:10:49.798114+00:00", "symbol": "BTC-USD"}, {"trade_id": 848940147, "side": "buy", "size": "0.00126219", "price": "119751.90000000", "time": "2025-07-14T18:09:19.681602Z", "fetched_at": "2025-07-14T18:10:49.798114+00:00", "symbol": "BTC-USD"}, {"trade_id": 848940146, "side": "buy", "size": "0.00093902", "price": "119751.90000000", "time": "2025-07-14T18:09:19.364564Z", "fetched_at": "2025-07-14T18:10:49.798114+00:00", "symbol": "BTC-USD"}, {"trade_id": 848940145, "side": "buy", "size": "0.00000417", "price": "119751.90000000", "time": "2025-07-14T18:09:19.364564Z", "fetched_at": "2025-07-14T18:10:49.798114+00:00", "symbol": "BTC-USD"}, {"trade_id": 848940144, "side": "buy", "size": "0.00006674", "price": "119751.90000000", "time": "2025-07-14T18:09:19.364564Z", "fetched_at": "2025-07-14T18:10:49.798114+00:00", "symbol": "BTC-USD"}, {"trade_id": 848940143, "side": "sell", "size": "0.05001397", "price": "119751.91000000", "time": "2025-07-14T18:09:18.440089Z", "fetched_at": "2025-07-14T18:10:49.798114+00:00", "symbol": "BTC-USD"}, {"trade_id": 848940142, "side": "buy", "size": "0.00001635", "price": "119751.90000000", "time": "2025-07-14T18:09:18.026685Z", "fetched_at": "2025-07-14T18:10:49.798114+00:00", "symbol": "BTC-USD"}, {"trade_id": 848940141, "side": "buy", "size": "0.00000042", "price": "119751.90000000", "time": "2025-07-14T18:09:17.252554Z", "fetched_at": "2025-07-14T18:10:49.798114+00:00", "symbol": "BTC-USD"}