[{"trade_id": 848723821, "side": "buy", "size": "0.00003111", "price": "121712.64000000", "time": "2025-07-14T12:42:29.766636Z", "fetched_at": "2025-07-14T12:42:30.428241+00:00", "symbol": "BTC-USD"}, {"trade_id": 848723820, "side": "buy", "size": "0.00007299", "price": "121712.64000000", "time": "2025-07-14T12:42:28.936071Z", "fetched_at": "2025-07-14T12:42:30.428241+00:00", "symbol": "BTC-USD"}, {"trade_id": 848723819, "side": "buy", "size": "0.00000090", "price": "121712.64000000", "time": "2025-07-14T12:42:27.887635Z", "fetched_at": "2025-07-14T12:42:30.428241+00:00", "symbol": "BTC-USD"}, {"trade_id": 848723818, "side": "buy", "size": "0.00000180", "price": "121712.64000000", "time": "2025-07-14T12:42:27.379411Z", "fetched_at": "2025-07-14T12:42:30.428241+00:00", "symbol": "BTC-USD"}, {"trade_id": 848723817, "side": "sell", "size": "0.00004471", "price": "121717.45000000", "time": "2025-07-14T12:42:26.566583Z", "fetched_at": "2025-07-14T12:42:30.428241+00:00", "symbol": "BTC-USD"}, {"trade_id": 848723816, "side": "sell", "size": "0.00000090", "price": "121717.52000000", "time": "2025-07-14T12:42:26.313127Z", "fetched_at": "2025-07-14T12:42:30.428241+00:00", "symbol": "BTC-USD"}, {"trade_id": 848723815, "side": "buy", "size": "0.02875625", "price": "121712.64000000", "time": "2025-07-14T12:42:24.992274Z", "fetched_at": "2025-07-14T12:42:30.428241+00:00", "symbol": "BTC-USD"}, {"trade_id": 848723814, "side": "sell", "size": "0.00079827", "price": "121718.21000000", "time": "2025-07-14T12:42:24.654540Z", "fetched_at": "2025-07-14T12:42:30.428241+00:00", "symbol": "BTC-USD"}, {"trade_id": 848723813, "side": "buy", "size": "0.01642718", "price": "121712.64000000", "time": "2025-07-14T12:42:24.503841Z", "fetched_at": "2025-07-14T12:42:30.428241+00:00", "symbol": "BTC-USD"}, {"trade_id": 848723812, "side": "buy", "size": "0.00001000", "price": "121721.16000000", "time": "2025-07-14T12:42:24.183795Z", "fetched_at": "2025-07-14T12:42:30.428241+00:00", "symbol": "BTC-USD"}, {"trade_id": 848723811, "side": "buy", "size": "0.08194404", "price": "121722.56000000", "time": "2025-07-14T12:42:24.124271Z", "fetched_at": "2025-07-14T12:42:30.428241+00:00", "symbol": "BTC-USD"}, {"trade_id": 848723810, "side": "buy", "size": "0.00020599", "price": "121722.56000000", "time": "2025-07-14T12:42:23.629103Z", "fetched_at": "2025-07-14T12:42:30.428241+00:00", "symbol": "BTC-USD"}, {"trade_id": 848723809, "side": "buy", "size": "0.00000147", "price": "121722.57000000", "time": "2025-07-14T12:42:23.629103Z", "fetched_at": "2025-07-14T12:42:30.428241+00:00", "symbol": "BTC-USD"}, {"trade_id": 848723808, "side": "sell", "size": "0.00109000", "price": "121724.62000000", "time": "2025-07-14T12:42:23.263355Z", "fetched_at": "2025-07-14T12:42:30.428241+00:00", "symbol": "BTC-USD"}, {"trade_id": 848723807, "side": "buy", "size": "0.00002757", "price": "121739.41000000", "time": "2025-07-14T12:42:21.813692Z", "fetched_at": "2025-07-14T12:42:30.428241+00:00", "symbol": "BTC-USD"}, {"trade_id": 848723806, "side": "buy", "size": "0.00000139", "price": "121739.41000000", "time": "2025-07-14T12:42:21.813692Z", "fetched_at": "2025-07-14T12:42:30.428241+00:00", "symbol": "BTC-USD"}, {"trade_id": 848723805, "side": "sell", "size": "0.00003866", "price": "121739.42000000", "time": "2025-07-14T12:42:21.566044Z", "fetched_at": "2025-07-14T12:42:30.428241+00:00", "symbol": "BTC-USD"}, {"trade_id": 848723804, "side": "sell", "size": "0.00312012", "price": "121743.25000000", "time": "2025-07-14T12:42:20.889519Z", "fetched_at": "2025-07-14T12:42:30.428241+00:00", "symbol": "BTC-USD"}, {"trade_id": 848723803, "side": "sell", "size": "0.00211758", "price": "121740.74000000", "time": "2025-07-14T12:42:20.889519Z", "fetched_at": "2025-07-14T12:42:30.428241+00:00", "symbol": "BTC-USD"}, {"trade_id": 848723802, "side": "buy", "size": "0.00015522", "price": "121743.26000000", "time": "2025-07-14T12:42:18.841572Z", "fetched_at": "2025-07-14T12:42:30.428241+00:00", "symbol": "BTC-USD"}, {"trade_id": 848723801, "side": "buy", "size": "0.00007813", "price": "121743.27000000", "time": "2025-07-14T12:42:18.841572Z", "fetched_at": "2025-07-14T12:42:30.428241+00:00", "symbol": "BTC-USD"}, {"trade_id": 848723800, "side": "buy", "size": "0.00000900", "price": "121739.98000000", "time": "2025-07-14T12:42:16.709643Z", "fetched_at": "2025-07-14T12:42:30.428241+00:00", "symbol": "BTC-USD"}, {"trade_id": 848723799, "side": "sell", "size": "0.00056020", "price": "121748.54000000", "time": "2025-07-14T12:42:16.651929Z", "fetched_at": "2025-07-14T12:42:30.428241+00:00", "symbol": "BTC-USD"}, {"trade_id": 848723798, "side": "sell", "size": "0.00006282", "price": "121739.87000000", "time": "2025-07-14T12:42:16.559156Z", "fetched_at": "2025-07-14T12:42:30.428241+00:00", "symbol": "BTC-USD"}, {"trade_id": 848723797, "side": "sell", "size": "0.00002000", "price": "121739.75000000", "time": "2025-07-14T12:42:16.559156Z", "fetched_at": "2025-07-14T12:42:30.428241+00:00", "symbol": "BTC-USD"}, {"trade_id": 848723796, "side": "sell", "size": "0.00001033", "price": "121739.75000000", "time": "2025-07-14T12:42:16.559156Z", "fetched_at": "2025-07-14T12:42:30.428241+00:00", "symbol": "BTC-USD"}, {"trade_id": 848723795, "side": "sell", "size": "0.00000945", "price": "121739.75000000", "time": "2025-07-14T12:42:16.559156Z", "fetched_at": "2025-07-14T12:42:30.428241+00:00", "symbol": "BTC-USD"}, {"trade_id": 848723794, "side": "sell", "size": "0.00000312", "price": "121739.75000000", "time": "2025-07-14T12:42:16.559156Z", "fetched_at": "2025-07-14T12:42:30.428241+00:00", "symbol": "BTC-USD"}, {"trade_id": 848723793, "side": "sell", "size": "0.00039428", "price": "121739.75000000", "time": "2025-07-14T12:42:16.559156Z", "fetched_at": "2025-07-14T12:42:30.428241+00:00", "symbol": "BTC-USD"}, {"trade_id": 848723792, "side": "sell", "size": "0.00004000", "price": "121739.42000000", "time": "2025-07-14T12:42:15.796977Z", "fetched_at": "2025-07-14T12:42:30.428241+00:00", "symbol": "BTC-USD"}, {"trade_id": 848723791, "side": "sell", "size": "0.00001000", "price": "121739.42000000", "time": "2025-07-14T12:42:15.796977Z", "fetched_at": "2025-07-14T12:42:30.428241+00:00", "symbol": "BTC-USD"}, {"trade_id": 848723790, "side": "buy", "size": "0.00036000", "price": "121739.41000000", "time": "2025-07-14T12:42:15.302875Z", "fetched_at": "2025-07-14T12:42:30.428241+00:00", "symbol": "BTC-USD"}, {"trade_id": 848723789, "side": "sell", "size": "0.00821442", "price": "121737.11000000", "time": "2025-07-14T12:42:15.151422Z", "fetched_at": "2025-07-14T12:42:30.428241+00:00", "symbol": "BTC-USD"}, {"trade_id": 848723788, "side": "sell", "size": "0.00000383", "price": "121735.76000000", "time": "2025-07-14T12:42:15.147114Z", "fetched_at": "2025-07-14T12:42:30.428241+00:00", "symbol": "BTC-USD"}, {"trade_id": 848723787, "side": "sell", "size": "0.00000098", "price": "121735.76000000", "time": "2025-07-14T12:42:15.147114Z", "fetched_at": "2025-07-14T12:42:30.428241+00:00", "symbol": "BTC-USD"}, {"trade_id": 848723786, "side": "sell", "size": "0.00001034", "price": "121735.38000000", "time": "2025-07-14T12:42:15.147114Z", "fetched_at": "2025-07-14T12:42:30.428241+00:00", "symbol": "BTC-USD"}, {"trade_id": 848723785, "side": "sell", "size": "0.00021000", "price": "121735.28000000", "time": "2025-07-14T12:42:15.147114Z", "fetched_at": "2025-07-14T12:42:30.428241+00:00", "symbol": "BTC-USD"}, {"trade_id": 848723784, "side": "sell", "size": "0.01267341", "price": "121735.28000000", "time": "2025-07-14T12:42:15.147114Z", "fetched_at": "2025-07-14T12:42:30.428241+00:00", "symbol": "BTC-USD"}, {"trade_id": 848723783, "side": "buy", "size": "0.00216800", "price": "121735.27000000", "time": "2025-07-14T12:42:14.365074Z", "fetched_at": "2025-07-14T12:42:30.428241+00:00", "symbol": "BTC-USD"}, {"trade_id": 848723782, "side": "sell", "size": "0.00040661", "price": "121735.28000000", "time": "2025-07-14T12:42:14.361545Z", "fetched_at": "2025-07-14T12:42:30.428241+00:00", "symbol": "BTC-USD"}, {"trade_id": 848723781, "side": "sell", "size": "0.09184354", "price": "121721.13000000", "time": "2025-07-14T12:42:14.152963Z", "fetched_at": "2025-07-14T12:42:30.428241+00:00", "symbol": "BTC-USD"}, {"trade_id": 848723780, "side": "sell", "size": "0.05672462", "price": "121721.12000000", "time": "2025-07-14T12:42:14.152963Z", "fetched_at": "2025-07-14T12:42:30.428241+00:00", "symbol": "BTC-USD"}, {"trade_id": 848723779, "side": "sell", "size": "0.00042755", "price": "121716.91000000", "time": "2025-07-14T12:42:14.152963Z", "fetched_at": "2025-07-14T12:42:30.428241+00:00", "symbol": "BTC-USD"}, {"trade_id": 848723778, "side": "sell", "size": "0.00091011", "price": "121715.95000000", "time": "2025-07-14T12:42:14.152963Z", "fetched_at": "2025-07-14T12:42:30.428241+00:00", "symbol": "BTC-USD"}, {"trade_id": 848723777, "side": "sell", "size": "0.00114104", "price": "121715.80000000", "time": "2025-07-14T12:42:14.152963Z", "fetched_at": "2025-07-14T12:42:30.428241+00:00", "symbol": "BTC-USD"}, {"trade_id": 848723776, "side": "sell", "size": "0.00125921", "price": "121715.32000000", "time": "2025-07-14T12:42:14.152719Z", "fetched_at": "2025-07-14T12:42:30.428241+00:00", "symbol": "BTC-USD"}, {"trade_id": 848723775, "side": "sell", "size": "0.00821593", "price": "121714.72000000", "time": "2025-07-14T12:42:14.152719Z", "fetched_at": "2025-07-14T12:42:30.428241+00:00", "symbol": "BTC-USD"}, {"trade_id": 848723774, "side": "sell", "size": "0.00821595", "price": "121714.48000000", "time": "2025-07-14T12:42:14.152719Z", "fetched_at": "2025-07-14T12:42:30.428241+00:00", "symbol": "BTC-USD"}, {"trade_id": 848723773, "side": "sell", "size": "0.06540010", "price": "121712.78000000", "time": "2025-07-14T12:42:14.152719Z", "fetched_at": "2025-07-14T12:42:30.428241+00:00", "symbol": "BTC-USD"}, {"trade_id": 848723772, "side": "sell", "size": "0.04040513", "price": "121712.75000000", "time": "2025-07-14T12:42:14.152719Z", "fetched_at": "2025-07-14T12:42:30.428241+00:00", "symbol": "BTC-USD"}, {"trade_id": 848723771, "side": "sell", "size": "0.00001431", "price": "121712.65000000", "time": "2025-07-14T12:42:13.701934Z", "fetched_at": "2025-07-14T12:42:30.428241+00:00", "symbol": "BTC-USD"}, {"trade_id": 848723770, "side": "buy", "size": "0.00000090", "price": "121712.64000000", "time": "2025-07-14T12:42:13.511365Z", "fetched_at": "2025-07-14T12:42:30.428241+00:00", "symbol": "BTC-USD"}, {"trade_id": 848723769, "side": "sell", "size": "0.00079350", "price": "121712.65000000", "time": "2025-07-14T12:42:13.411365Z", "fetched_at": "2025-07-14T12:42:30.428241+00:00", "symbol": "BTC-USD"}, {"trade_id": 848723768, "side": "sell", "size": "0.00082213", "price": "121712.65000000", "time": "2025-07-14T12:42:13.223938Z", "fetched_at": "2025-07-14T12:42:30.428241+00:00", "symbol": "BTC-USD"}, {"trade_id": 848723767, "side": "buy", "size": "0.02074205", "price": "121712.64000000", "time": "2025-07-14T12:42:13.037810Z", "fetched_at": "2025-07-14T12:42:30.428241+00:00", "symbol": "BTC-USD"}, {"trade_id": 848723766, "side": "buy", "size": "0.00000180", "price": "121712.64000000", "time": "2025-07-14T12:42:13.018293Z", "fetched_at": "2025-07-14T12:42:30.428241+00:00", "symbol": "BTC-USD"}, {"trade_id": 848723765, "side": "sell", "size": "0.00002471", "price": "121712.65000000", "time": "2025-07-14T12:42:12.365807Z", "fetched_at": "2025-07-14T12:42:30.428241+00:00", "symbol": "BTC-USD"}, {"trade_id": 848723764, "side": "sell", "size": "0.00008132", "price": "121712.65000000", "time": "2025-07-14T12:42:12.062829Z", "fetched_at": "2025-07-14T12:42:30.428241+00:00", "symbol": "BTC-USD"}, {"trade_id": 848723763, "side": "sell", "size": "0.00000090", "price": "121712.65000000", "time": "2025-07-14T12:42:11.971519Z", "fetched_at": "2025-07-14T12:42:30.428241+00:00", "symbol": "BTC-USD"}, {"trade_id": 848723762, "side": "sell", "size": "0.00324740", "price": "121712.65000000", "time": "2025-07-14T12:42:11.762590Z", "fetched_at": "2025-07-14T12:42:30.428241+00:00", "symbol": "BTC-USD"}, {"trade_id": 848723761, "side": "sell", "size": "0.00078372", "price": "121715.33000000", "time": "2025-07-14T12:42:11.532003Z", "fetched_at": "2025-07-14T12:42:30.428241+00:00", "symbol": "BTC-USD"}, {"trade_id": 848723760, "side": "buy", "size": "0.00278694", "price": "121721.15000000", "time": "2025-07-14T12:42:11.479191Z", "fetched_at": "2025-07-14T12:42:30.428241+00:00", "symbol": "BTC-USD"}, {"trade_id": 848723759, "side": "buy", "size": "0.07594981", "price": "121721.16000000", "time": "2025-07-14T12:42:11.479191Z", "fetched_at": "2025-07-14T12:42:30.428241+00:00", "symbol": "BTC-USD"}, {"trade_id": 848723758, "side": "buy", "size": "0.00001000", "price": "121721.16000000", "time": "2025-07-14T12:42:11.479191Z", "fetched_at": "2025-07-14T12:42:30.428241+00:00", "symbol": "BTC-USD"}, {"trade_id": 848723757, "side": "sell", "size": "0.00000180", "price": "121721.17000000", "time": "2025-07-14T12:42:11.457866Z", "fetched_at": "2025-07-14T12:42:30.428241+00:00", "symbol": "BTC-USD"}, {"trade_id": 848723756, "side": "buy", "size": "0.08215083", "price": "121730.15000000", "time": "2025-07-14T12:42:11.376897Z", "fetched_at": "2025-07-14T12:42:30.428241+00:00", "symbol": "BTC-USD"}, {"trade_id": 848723755, "side": "buy", "size": "0.00000041", "price": "121730.17000000", "time": "2025-07-14T12:42:11.376897Z", "fetched_at": "2025-07-14T12:42:30.428241+00:00", "symbol": "BTC-USD"}, {"trade_id": 848723754, "side": "sell", "size": "0.00000848", "price": "121731.76000000", "time": "2025-07-14T12:42:11.295452Z", "fetched_at": "2025-07-14T12:42:30.428241+00:00", "symbol": "BTC-USD"}, {"trade_id": 848723753, "side": "buy", "size": "0.00032502", "price": "121730.81000000", "time": "2025-07-14T12:42:09.821601Z", "fetched_at": "2025-07-14T12:42:30.428241+00:00", "symbol": "BTC-USD"}, {"trade_id": 848723752, "side": "buy", "size": "0.00007813", "price": "121735.37000000", "time": "2025-07-14T12:42:09.821601Z", "fetched_at": "2025-07-14T12:42:30.428241+00:00", "symbol": "BTC-USD"}, {"trade_id": 848723751, "side": "buy", "size": "0.00199480", "price": "121730.16000000", "time": "2025-07-14T12:42:09.246421Z", "fetched_at": "2025-07-14T12:42:30.428241+00:00", "symbol": "BTC-USD"}, {"trade_id": 848723750, "side": "buy", "size": "0.00007814", "price": "121730.17000000", "time": "2025-07-14T12:42:09.246421Z", "fetched_at": "2025-07-14T12:42:30.428241+00:00", "symbol": "BTC-USD"}, {"trade_id": 848723749, "side": "buy", "size": "0.00000115", "price": "121732.54000000", "time": "2025-07-14T12:42:09.246421Z", "fetched_at": "2025-07-14T12:42:30.428241+00:00", "symbol": "BTC-USD"}, {"trade_id": 848723748, "side": "buy", "size": "0.00246581", "price": "121734.05000000", "time": "2025-07-14T12:42:08.039676Z", "fetched_at": "2025-07-14T12:42:30.428241+00:00", "symbol": "BTC-USD"}, {"trade_id": 848723747, "side": "buy", "size": "0.00007813", "price": "121734.06000000", "time": "2025-07-14T12:42:08.039676Z", "fetched_at": "2025-07-14T12:42:30.428241+00:00", "symbol": "BTC-USD"}, {"trade_id": 848723746, "side": "buy", "size": "0.00160278", "price": "121735.63000000", "time": "2025-07-14T12:42:08.039676Z", "fetched_at": "2025-07-14T12:42:30.428241+00:00", "symbol": "BTC-USD"}, {"trade_id": 848723745, "side": "buy", "size": "0.00000164", "price": "121735.75000000", "time": "2025-07-14T12:42:08.039676Z", "fetched_at": "2025-07-14T12:42:30.428241+00:00", "symbol": "BTC-USD"}, {"trade_id": 848723744, "side": "sell", "size": "0.00000146", "price": "121735.76000000", "time": "2025-07-14T12:42:05.901067Z", "fetched_at": "2025-07-14T12:42:30.428241+00:00", "symbol": "BTC-USD"}, {"trade_id": 848723743, "side": "sell", "size": "0.00001033", "price": "121735.76000000", "time": "2025-07-14T12:42:05.901067Z", "fetched_at": "2025-07-14T12:42:30.428241+00:00", "symbol": "BTC-USD"}, {"trade_id": 848723742, "side": "sell", "size": "0.00001000", "price": "121735.76000000", "time": "2025-07-14T12:42:05.901067Z", "fetched_at": "2025-07-14T12:42:30.428241+00:00", "symbol": "BTC-USD"}, {"trade_id": 848723741, "side": "sell", "size": "0.00000616", "price": "121735.76000000", "time": "2025-07-14T12:42:05.901067Z", "fetched_at": "2025-07-14T12:42:30.428241+00:00", "symbol": "BTC-USD"}, {"trade_id": 848723740, "side": "sell", "size": "0.00001992", "price": "121735.76000000", "time": "2025-07-14T12:42:05.901067Z", "fetched_at": "2025-07-14T12:42:30.428241+00:00", "symbol": "BTC-USD"}, {"trade_id": 848723739, "side": "buy", "size": "0.00079407", "price": "121735.75000000", "time": "2025-07-14T12:42:04.248594Z", "fetched_at": "2025-07-14T12:42:30.428241+00:00", "symbol": "BTC-USD"}, {"trade_id": 848723738, "side": "buy", "size": "0.00007413", "price": "121735.75000000", "time": "2025-07-14T12:42:03.032996Z", "fetched_at": "2025-07-14T12:42:30.428241+00:00", "symbol": "BTC-USD"}, {"trade_id": 848723737, "side": "buy", "size": "0.00233052", "price": "121735.75000000", "time": "2025-07-14T12:42:02.949351Z", "fetched_at": "2025-07-14T12:42:30.428241+00:00", "symbol": "BTC-USD"}, {"trade_id": 848723736, "side": "buy", "size": "0.00766948", "price": "121735.75000000", "time": "2025-07-14T12:42:02.949351Z", "fetched_at": "2025-07-14T12:42:30.428241+00:00", "symbol": "BTC-USD"}, {"trade_id": 848723735, "side": "buy", "size": "0.00034441", "price": "121735.75000000", "time": "2025-07-14T12:42:02.705825Z", "fetched_at": "2025-07-14T12:42:30.428241+00:00", "symbol": "BTC-USD"}, {"trade_id": 848723734, "side": "buy", "size": "0.00090000", "price": "121735.87000000", "time": "2025-07-14T12:42:02.705825Z", "fetched_at": "2025-07-14T12:42:30.428241+00:00", "symbol": "BTC-USD"}, {"trade_id": 848723733, "side": "buy", "size": "0.00016594", "price": "121735.91000000", "time": "2025-07-14T12:42:02.504260Z", "fetched_at": "2025-07-14T12:42:30.428241+00:00", "symbol": "BTC-USD"}, {"trade_id": 848723732, "side": "sell", "size": "0.00028658", "price": "121750.25000000", "time": "2025-07-14T12:42:02.485039Z", "fetched_at": "2025-07-14T12:42:30.428241+00:00", "symbol": "BTC-USD"}, {"trade_id": 848723731, "side": "sell", "size": "0.00092719", "price": "121749.17000000", "time": "2025-07-14T12:42:02.485039Z", "fetched_at": "2025-07-14T12:42:30.428241+00:00", "symbol": "BTC-USD"}, {"trade_id": 848723730, "side": "sell", "size": "0.00001000", "price": "121748.55000000", "time": "2025-07-14T12:42:02.485039Z", "fetched_at": "2025-07-14T12:42:30.428241+00:00", "symbol": "BTC-USD"}, {"trade_id": 848723729, "side": "sell", "size": "0.01067960", "price": "121748.54000000", "time": "2025-07-14T12:42:02.485039Z", "fetched_at": "2025-07-14T12:42:30.428241+00:00", "symbol": "BTC-USD"}, {"trade_id": 848723728, "side": "sell", "size": "0.00000229", "price": "121747.49000000", "time": "2025-07-14T12:42:02.485039Z", "fetched_at": "2025-07-14T12:42:30.428241+00:00", "symbol": "BTC-USD"}, {"trade_id": 848723727, "side": "sell", "size": "0.00000824", "price": "121747.49000000", "time": "2025-07-14T12:42:02.485039Z", "fetched_at": "2025-07-14T12:42:30.428241+00:00", "symbol": "BTC-USD"}, {"trade_id": 848723726, "side": "sell", "size": "0.00821383", "price": "121745.83000000", "time": "2025-07-14T12:42:02.485039Z", "fetched_at": "2025-07-14T12:42:30.428241+00:00", "symbol": "BTC-USD"}, {"trade_id": 848723725, "side": "sell", "size": "0.00821384", "price": "121745.80000000", "time": "2025-07-14T12:42:02.485039Z", "fetched_at": "2025-07-14T12:42:30.428241+00:00", "symbol": "BTC-USD"}, {"trade_id": 848723724, "side": "sell", "size": "0.00010900", "price": "121744.02000000", "time": "2025-07-14T12:42:02.485039Z", "fetched_at": "2025-07-14T12:42:30.428241+00:00", "symbol": "BTC-USD"}, {"trade_id": 848723723, "side": "sell", "size": "0.00001080", "price": "121735.89000000", "time": "2025-07-14T12:42:02.485039Z", "fetched_at": "2025-07-14T12:42:30.428241+00:00", "symbol": "BTC-USD"}, {"trade_id": 848723722, "side": "sell", "size": "0.00001080", "price": "121744.01000000", "time": "2025-07-14T12:42:01.951780Z", "fetched_at": "2025-07-14T12:42:30.428241+00:00", "symbol": "BTC-USD"}, {"trade_id": 848723721, "side": "sell", "size": "0.00010100", "price": "121744.01000000", "time": "2025-07-14T12:42:01.951780Z", "fetched_at": "2025-07-14T12:42:30.428241+00:00", "symbol": "BTC-USD"}, {"trade_id": 848723720, "side": "sell", "size": "0.03771727", "price": "121744.01000000", "time": "2025-07-14T12:42:01.951780Z", "fetched_at": "2025-07-14T12:42:30.428241+00:00", "symbol": "BTC-USD"}, {"trade_id": 848723719, "side": "buy", "size": "0.00000829", "price": "121744.00000000", "time": "2025-07-14T12:42:01.454675Z", "fetched_at": "2025-07-14T12:42:30.428241+00:00", "symbol": "BTC-USD"}, {"trade_id": 848723718, "side": "sell", "size": "0.00054200", "price": "121738.71000000", "time": "2025-07-14T12:42:01.343756Z", "fetched_at": "2025-07-14T12:42:30.428241+00:00", "symbol": "BTC-USD"}, {"trade_id": 848723717, "side": "sell", "size": "0.00001033", "price": "121738.71000000", "time": "2025-07-14T12:42:01.343756Z", "fetched_at": "2025-07-14T12:42:30.428241+00:00", "symbol": "BTC-USD"}, {"trade_id": 848723716, "side": "sell", "size": "0.00028100", "price": "121738.71000000", "time": "2025-07-14T12:42:01.343756Z", "fetched_at": "2025-07-14T12:42:30.428241+00:00", "symbol": "BTC-USD"}, {"trade_id": 848723715, "side": "buy", "size": "0.01231230", "price": "121738.70000000", "time": "2025-07-14T12:42:00.483043Z", "fetched_at": "2025-07-14T12:42:30.428241+00:00", "symbol": "BTC-USD"}, {"trade_id": 848723714, "side": "sell", "size": "0.00127538", "price": "121744.01000000", "time": "2025-07-14T12:41:59.274112Z", "fetched_at": "2025-07-14T12:42:30.428241+00:00", "symbol": "BTC-USD"}, {"trade_id": 848723713, "side": "sell", "size": "0.00271400", "price": "121743.91000000", "time": "2025-07-14T12:41:59.274112Z", "fetched_at": "2025-07-14T12:42:30.428241+00:00", "symbol": "BTC-USD"}, {"trade_id": 848723712, "side": "sell", "size": "0.00001062", "price": "121743.90000000", "time": "2025-07-14T12:41:59.274112Z", "fetched_at": "2025-07-14T12:42:30.428241+00:00", "symbol": "BTC-USD"}, {"trade_id": 848723711, "side": "buy", "size": "0.00000180", "price": "121734.16000000", "time": "2025-07-14T12:41:59.155950Z", "fetched_at": "2025-07-14T12:42:30.428241+00:00", "symbol": "BTC-USD"}, {"trade_id": 848723710, "side": "buy", "size": "0.00000090", "price": "121734.34000000", "time": "2025-07-14T12:41:58.644972Z", "fetched_at": "2025-07-14T12:42:30.428241+00:00", "symbol": "BTC-USD"}, {"trade_id": 848723709, "side": "buy", "size": "0.05678725", "price": "121733.64000000", "time": "2025-07-14T12:41:57.798914Z", "fetched_at": "2025-07-14T12:42:30.428241+00:00", "symbol": "BTC-USD"}, {"trade_id": 848723708, "side": "buy", "size": "0.00006623", "price": "121733.65000000", "time": "2025-07-14T12:41:57.798914Z", "fetched_at": "2025-07-14T12:42:30.428241+00:00", "symbol": "BTC-USD"}, {"trade_id": 848723707, "side": "buy", "size": "0.00990459", "price": "121733.62000000", "time": "2025-07-14T12:41:57.607841Z", "fetched_at": "2025-07-14T12:42:30.428241+00:00", "symbol": "BTC-USD"}, {"trade_id": 848723706, "side": "buy", "size": "0.00004194", "price": "121733.63000000", "time": "2025-07-14T12:41:57.607841Z", "fetched_at": "2025-07-14T12:42:30.428241+00:00", "symbol": "BTC-USD"}, {"trade_id": 848723705, "side": "buy", "size": "0.00000131", "price": "121735.86000000", "time": "2025-07-14T12:41:57.607841Z", "fetched_at": "2025-07-14T12:42:30.428241+00:00", "symbol": "BTC-USD"}, {"trade_id": 848723704, "side": "buy", "size": "0.00005216", "price": "121735.89000000", "time": "2025-07-14T12:41:57.607841Z", "fetched_at": "2025-07-14T12:42:30.428241+00:00", "symbol": "BTC-USD"}, {"trade_id": 848723703, "side": "sell", "size": "0.00105921", "price": "121743.92000000", "time": "2025-07-14T12:41:57.595037Z", "fetched_at": "2025-07-14T12:42:30.428241+00:00", "symbol": "BTC-USD"}, {"trade_id": 848723702, "side": "buy", "size": "0.00033376", "price": "121744.00000000", "time": "2025-07-14T12:41:57.432375Z", "fetched_at": "2025-07-14T12:42:30.428241+00:00", "symbol": "BTC-USD"}, {"trade_id": 848723701, "side": "sell", "size": "0.00000090", "price": "121744.01000000", "time": "2025-07-14T12:41:57.001080Z", "fetched_at": "2025-07-14T12:42:30.428241+00:00", "symbol": "BTC-USD"}, {"trade_id": 848723700, "side": "sell", "size": "0.00558743", "price": "121744.01000000", "time": "2025-07-14T12:41:56.323582Z", "fetched_at": "2025-07-14T12:42:30.428241+00:00", "symbol": "BTC-USD"}, {"trade_id": 848723699, "side": "buy", "size": "0.00257050", "price": "121744.00000000", "time": "2025-07-14T12:41:56.250427Z", "fetched_at": "2025-07-14T12:42:30.428241+00:00", "symbol": "BTC-USD"}, {"trade_id": 848723698, "side": "sell", "size": "0.00041902", "price": "121744.01000000", "time": "2025-07-14T12:41:55.813207Z", "fetched_at": "2025-07-14T12:42:30.428241+00:00", "symbol": "BTC-USD"}, {"trade_id": 848723697, "side": "sell", "size": "0.00005411", "price": "121743.65000000", "time": "2025-07-14T12:41:55.813207Z", "fetched_at": "2025-07-14T12:42:30.428241+00:00", "symbol": "BTC-USD"}, {"trade_id": 848723696, "side": "sell", "size": "0.00001034", "price": "121743.65000000", "time": "2025-07-14T12:41:55.813207Z", "fetched_at": "2025-07-14T12:42:30.428241+00:00", "symbol": "BTC-USD"}, {"trade_id": 848723695, "side": "buy", "size": "0.00850099", "price": "121734.15000000", "time": "2025-07-14T12:41:55.118867Z", "fetched_at": "2025-07-14T12:42:30.428241+00:00", "symbol": "BTC-USD"}, {"trade_id": 848723694, "side": "buy", "size": "0.00004776", "price": "121734.16000000", "time": "2025-07-14T12:41:55.118867Z", "fetched_at": "2025-07-14T12:42:30.428241+00:00", "symbol": "BTC-USD"}, {"trade_id": 848723693, "side": "buy", "size": "0.00000041", "price": "121735.86000000", "time": "2025-07-14T12:41:55.118867Z", "fetched_at": "2025-07-14T12:42:30.428241+00:00", "symbol": "BTC-USD"}, {"trade_id": 848723692, "side": "sell", "size": "0.00000008", "price": "121743.77000000", "time": "2025-07-14T12:41:54.735468Z", "fetched_at": "2025-07-14T12:42:30.428241+00:00", "symbol": "BTC-USD"}, {"trade_id": 848723691, "side": "sell", "size": "0.00004731", "price": "121742.18000000", "time": "2025-07-14T12:41:50.567183Z", "fetched_at": "2025-07-14T12:42:30.428241+00:00", "symbol": "BTC-USD"}, {"trade_id": 848723690, "side": "sell", "size": "0.00002678", "price": "121735.87000000", "time": "2025-07-14T12:41:50.567183Z", "fetched_at": "2025-07-14T12:42:30.428241+00:00", "symbol": "BTC-USD"}, {"trade_id": 848723689, "side": "buy", "size": "0.00000900", "price": "121735.87000000", "time": "2025-07-14T12:41:50.446376Z", "fetched_at": "2025-07-14T12:42:30.428241+00:00", "symbol": "BTC-USD"}, {"trade_id": 848723688, "side": "sell", "size": "0.00001685", "price": "121735.87000000", "time": "2025-07-14T12:41:50.410581Z", "fetched_at": "2025-07-14T12:42:30.428241+00:00", "symbol": "BTC-USD"}, {"trade_id": 848723687, "side": "sell", "size": "0.00007200", "price": "121735.87000000", "time": "2025-07-14T12:41:50.410581Z", "fetched_at": "2025-07-14T12:42:30.428241+00:00", "symbol": "BTC-USD"}, {"trade_id": 848723686, "side": "sell", "size": "0.00002706", "price": "121735.87000000", "time": "2025-07-14T12:41:50.410581Z", "fetched_at": "2025-07-14T12:42:30.428241+00:00", "symbol": "BTC-USD"}, {"trade_id": 848723685, "side": "buy", "size": "0.00004698", "price": "121735.86000000", "time": "2025-07-14T12:41:49.392688Z", "fetched_at": "2025-07-14T12:42:30.428241+00:00", "symbol": "BTC-USD"}, {"trade_id": 848723684, "side": "buy", "size": "0.00000115", "price": "121735.86000000", "time": "2025-07-14T12:41:49.392688Z", "fetched_at": "2025-07-14T12:42:30.428241+00:00", "symbol": "BTC-USD"}, {"trade_id": 848723683, "side": "buy", "size": "0.00797404", "price": "121731.82000000", "time": "2025-07-14T12:41:48.940191Z", "fetched_at": "2025-07-14T12:42:30.428241+00:00", "symbol": "BTC-USD"}, {"trade_id": 848723682, "side": "buy", "size": "0.03500000", "price": "121731.83000000", "time": "2025-07-14T12:41:48.940191Z", "fetched_at": "2025-07-14T12:42:30.428241+00:00", "symbol": "BTC-USD"}, {"trade_id": 848723681, "side": "buy", "size": "0.00002554", "price": "121731.83000000", "time": "2025-07-14T12:41:48.940191Z", "fetched_at": "2025-07-14T12:42:30.428241+00:00", "symbol": "BTC-USD"}, {"trade_id": 848723680, "side": "buy", "size": "0.00821463", "price": "121734.03000000", "time": "2025-07-14T12:41:48.940191Z", "fetched_at": "2025-07-14T12:42:30.428241+00:00", "symbol": "BTC-USD"}, {"trade_id": 848723679, "side": "buy", "size": "0.00000230", "price": "121735.85000000", "time": "2025-07-14T12:41:48.940191Z", "fetched_at": "2025-07-14T12:42:30.428241+00:00", "symbol": "BTC-USD"}, {"trade_id": 848723678, "side": "buy", "size": "0.04423000", "price": "121735.86000000", "time": "2025-07-14T12:41:48.940191Z", "fetched_at": "2025-07-14T12:42:30.428241+00:00", "symbol": "BTC-USD"}, {"trade_id": 848723677, "side": "buy", "size": "0.00455374", "price": "121735.86000000", "time": "2025-07-14T12:41:48.940191Z", "fetched_at": "2025-07-14T12:42:30.428241+00:00", "symbol": "BTC-USD"}, {"trade_id": 848723676, "side": "buy", "size": "0.00995871", "price": "121736.51000000", "time": "2025-07-14T12:41:48.807998Z", "fetched_at": "2025-07-14T12:42:30.428241+00:00", "symbol": "BTC-USD"}, {"trade_id": 848723675, "side": "sell", "size": "0.00000008", "price": "121744.89000000", "time": "2025-07-14T12:41:48.722056Z", "fetched_at": "2025-07-14T12:42:30.428241+00:00", "symbol": "BTC-USD"}, {"trade_id": 848723674, "side": "buy", "size": "0.00692961", "price": "121737.75000000", "time": "2025-07-14T12:41:48.287735Z", "fetched_at": "2025-07-14T12:42:30.428241+00:00", "symbol": "BTC-USD"}, {"trade_id": 848723673, "side": "buy", "size": "0.00005268", "price": "121737.76000000", "time": "2025-07-14T12:41:48.287735Z", "fetched_at": "2025-07-14T12:42:30.428241+00:00", "symbol": "BTC-USD"}, {"trade_id": 848723672, "side": "sell", "size": "0.02191984", "price": "121750.81000000", "time": "2025-07-14T12:41:47.854319Z", "fetched_at": "2025-07-14T12:42:30.428241+00:00", "symbol": "BTC-USD"}, {"trade_id": 848723671, "side": "sell", "size": "0.00001000", "price": "121748.55000000", "time": "2025-07-14T12:41:47.854319Z", "fetched_at": "2025-07-14T12:42:30.428241+00:00", "symbol": "BTC-USD"}, {"trade_id": 848723670, "side": "sell", "size": "0.00052779", "price": "121747.37000000", "time": "2025-07-14T12:41:47.854319Z", "fetched_at": "2025-07-14T12:42:30.428241+00:00", "symbol": "BTC-USD"}, {"trade_id": 848723669, "side": "sell", "size": "0.00821387", "price": "121745.28000000", "time": "2025-07-14T12:41:47.854319Z", "fetched_at": "2025-07-14T12:42:30.428241+00:00", "symbol": "BTC-USD"}, {"trade_id": 848723668, "side": "sell", "size": "0.00001000", "price": "121739.42000000", "time": "2025-07-14T12:41:47.854319Z", "fetched_at": "2025-07-14T12:42:30.428241+00:00", "symbol": "BTC-USD"}, {"trade_id": 848723667, "side": "sell", "size": "0.00821438", "price": "121737.69000000", "time": "2025-07-14T12:41:47.854319Z", "fetched_at": "2025-07-14T12:42:30.428241+00:00", "symbol": "BTC-USD"}, {"trade_id": 848723666, "side": "sell", "size": "0.00000900", "price": "121735.86000000", "time": "2025-07-14T12:41:47.836350Z", "fetched_at": "2025-07-14T12:42:30.428241+00:00", "symbol": "BTC-USD"}, {"trade_id": 848723665, "side": "sell", "size": "0.00003000", "price": "121735.86000000", "time": "2025-07-14T12:41:47.836350Z", "fetched_at": "2025-07-14T12:42:30.428241+00:00", "symbol": "BTC-USD"}, {"trade_id": 848723664, "side": "sell", "size": "0.01508401", "price": "121735.86000000", "time": "2025-07-14T12:41:47.836350Z", "fetched_at": "2025-07-14T12:42:30.428241+00:00", "symbol": "BTC-USD"}, {"trade_id": 848723663, "side": "sell", "size": "0.00086320", "price": "121735.86000000", "time": "2025-07-14T12:41:47.484478Z", "fetched_at": "2025-07-14T12:42:30.428241+00:00", "symbol": "BTC-USD"}, {"trade_id": 848723662, "side": "sell", "size": "0.00000008", "price": "121735.86000000", "time": "2025-07-14T12:41:46.843287Z", "fetched_at": "2025-07-14T12:42:30.428241+00:00", "symbol": "BTC-USD"}, {"trade_id": 848723661, "side": "sell", "size": "0.00000073", "price": "121735.86000000", "time": "2025-07-14T12:41:46.826487Z", "fetched_at": "2025-07-14T12:42:30.428241+00:00", "symbol": "BTC-USD"}, {"trade_id": 848723660, "side": "sell", "size": "0.00162573", "price": "121735.86000000", "time": "2025-07-14T12:41:46.810464Z", "fetched_at": "2025-07-14T12:42:30.428241+00:00", "symbol": "BTC-USD"}, {"trade_id": 848723659, "side": "sell", "size": "0.00017928", "price": "121735.86000000", "time": "2025-07-14T12:41:46.472091Z", "fetched_at": "2025-07-14T12:42:30.428241+00:00", "symbol": "BTC-USD"}, {"trade_id": 848723658, "side": "sell", "size": "0.00065400", "price": "121735.86000000", "time": "2025-07-14T12:41:46.381928Z", "fetched_at": "2025-07-14T12:42:30.428241+00:00", "symbol": "BTC-USD"}, {"trade_id": 848723657, "side": "sell", "size": "0.00008875", "price": "121735.86000000", "time": "2025-07-14T12:41:46.129477Z", "fetched_at": "2025-07-14T12:42:30.428241+00:00", "symbol": "BTC-USD"}, {"trade_id": 848723656, "side": "sell", "size": "0.00016270", "price": "121735.86000000", "time": "2025-07-14T12:41:45.522927Z", "fetched_at": "2025-07-14T12:42:30.428241+00:00", "symbol": "BTC-USD"}, {"trade_id": 848723655, "side": "buy", "size": "0.00000090", "price": "121735.85000000", "time": "2025-07-14T12:41:44.718581Z", "fetched_at": "2025-07-14T12:42:30.428241+00:00", "symbol": "BTC-USD"}, {"trade_id": 848723654, "side": "sell", "size": "0.00114304", "price": "121735.86000000", "time": "2025-07-14T12:41:44.648221Z", "fetched_at": "2025-07-14T12:42:30.428241+00:00", "symbol": "BTC-USD"}, {"trade_id": 848723653, "side": "sell", "size": "0.00003121", "price": "121735.86000000", "time": "2025-07-14T12:41:44.248200Z", "fetched_at": "2025-07-14T12:42:30.428241+00:00", "symbol": "BTC-USD"}, {"trade_id": 848723652, "side": "sell", "size": "0.00000188", "price": "121735.86000000", "time": "2025-07-14T12:41:44.248200Z", "fetched_at": "2025-07-14T12:42:30.428241+00:00", "symbol": "BTC-USD"}, {"trade_id": 848723651, "side": "sell", "size": "0.00000382", "price": "121735.86000000", "time": "2025-07-14T12:41:44.248200Z", "fetched_at": "2025-07-14T12:42:30.428241+00:00", "symbol": "BTC-USD"}, {"trade_id": 848723650, "side": "sell", "size": "0.00000415", "price": "121735.86000000", "time": "2025-07-14T12:41:44.248200Z", "fetched_at": "2025-07-14T12:42:30.428241+00:00", "symbol": "BTC-USD"}, {"trade_id": 848723649, "side": "buy", "size": "0.00008213", "price": "121735.85000000", "time": "2025-07-14T12:41:43.706730Z", "fetched_at": "2025-07-14T12:42:30.428241+00:00", "symbol": "BTC-USD"}, {"trade_id": 848723648, "side": "buy", "size": "0.00600000", "price": "121735.85000000", "time": "2025-07-14T12:41:43.551937Z", "fetched_at": "2025-07-14T12:42:30.428241+00:00", "symbol": "BTC-USD"}, {"trade_id": 848723647, "side": "sell", "size": "0.00000090", "price": "121735.86000000", "time": "2025-07-14T12:41:43.115313Z", "fetched_at": "2025-07-14T12:42:30.428241+00:00", "symbol": "BTC-USD"}, {"trade_id": 848723646, "side": "buy", "size": "0.01366377", "price": "121735.85000000", "time": "2025-07-14T12:41:42.850498Z", "fetched_at": "2025-07-14T12:42:30.428241+00:00", "symbol": "BTC-USD"}, {"trade_id": 848723645, "side": "buy", "size": "0.01313000", "price": "121735.85000000", "time": "2025-07-14T12:41:42.850498Z", "fetched_at": "2025-07-14T12:42:30.428241+00:00", "symbol": "BTC-USD"}, {"trade_id": 848723644, "side": "sell", "size": "0.00000180", "price": "121735.86000000", "time": "2025-07-14T12:41:42.565380Z", "fetched_at": "2025-07-14T12:42:30.428241+00:00", "symbol": "BTC-USD"}, {"trade_id": 848723643, "side": "sell", "size": "0.00821480", "price": "121731.54000000", "time": "2025-07-14T12:41:41.816528Z", "fetched_at": "2025-07-14T12:42:30.428241+00:00", "symbol": "BTC-USD"}, {"trade_id": 848723642, "side": "sell", "size": "0.00003101", "price": "121730.26000000", "time": "2025-07-14T12:41:41.816528Z", "fetched_at": "2025-07-14T12:42:30.428241+00:00", "symbol": "BTC-USD"}, {"trade_id": 848723641, "side": "sell", "size": "0.00002656", "price": "121730.26000000", "time": "2025-07-14T12:41:41.816528Z", "fetched_at": "2025-07-14T12:42:30.428241+00:00", "symbol": "BTC-USD"}, {"trade_id": 848723640, "side": "sell", "size": "0.00000616", "price": "121730.26000000", "time": "2025-07-14T12:41:41.816528Z", "fetched_at": "2025-07-14T12:42:30.428241+00:00", "symbol": "BTC-USD"}, {"trade_id": 848723639, "side": "sell", "size": "0.00001000", "price": "121730.29000000", "time": "2025-07-14T12:41:41.786995Z", "fetched_at": "2025-07-14T12:42:30.428241+00:00", "symbol": "BTC-USD"}, {"trade_id": 848723638, "side": "sell", "size": "0.00003572", "price": "121730.26000000", "time": "2025-07-14T12:41:41.786995Z", "fetched_at": "2025-07-14T12:42:30.428241+00:00", "symbol": "BTC-USD"}, {"trade_id": 848723637, "side": "sell", "size": "0.01625193", "price": "121730.26000000", "time": "2025-07-14T12:41:41.786995Z", "fetched_at": "2025-07-14T12:42:30.428241+00:00", "symbol": "BTC-USD"}, {"trade_id": 848723636, "side": "buy", "size": "0.00385220", "price": "121728.42000000", "time": "2025-07-14T12:41:41.685515Z", "fetched_at": "2025-07-14T12:42:30.428241+00:00", "symbol": "BTC-USD"}, {"trade_id": 848723635, "side": "buy", "size": "0.00114780", "price": "121729.18000000", "time": "2025-07-14T12:41:41.685515Z", "fetched_at": "2025-07-14T12:42:30.428241+00:00", "symbol": "BTC-USD"}, {"trade_id": 848723634, "side": "sell", "size": "0.00001000", "price": "121721.16000000", "time": "2025-07-14T12:41:41.325214Z", "fetched_at": "2025-07-14T12:42:30.428241+00:00", "symbol": "BTC-USD"}, {"trade_id": 848723633, "side": "sell", "size": "0.00821601", "price": "121713.55000000", "time": "2025-07-14T12:41:40.783951Z", "fetched_at": "2025-07-14T12:42:30.428241+00:00", "symbol": "BTC-USD"}, {"trade_id": 848723632, "side": "sell", "size": "0.01828477", "price": "121713.55000000", "time": "2025-07-14T12:41:40.783951Z", "fetched_at": "2025-07-14T12:42:30.428241+00:00", "symbol": "BTC-USD"}, {"trade_id": 848723631, "side": "sell", "size": "0.02900000", "price": "121713.53000000", "time": "2025-07-14T12:41:40.783951Z", "fetched_at": "2025-07-14T12:42:30.428241+00:00", "symbol": "BTC-USD"}, {"trade_id": 848723630, "side": "sell", "size": "0.02465638", "price": "121711.72000000", "time": "2025-07-14T12:41:40.774444Z", "fetched_at": "2025-07-14T12:42:30.428241+00:00", "symbol": "BTC-USD"}, {"trade_id": 848723629, "side": "sell", "size": "0.04348062", "price": "121711.72000000", "time": "2025-07-14T12:41:40.774444Z", "fetched_at": "2025-07-14T12:42:30.428241+00:00", "symbol": "BTC-USD"}, {"trade_id": 848723628, "side": "sell", "size": "0.03225742", "price": "121711.71000000", "time": "2025-07-14T12:41:40.774444Z", "fetched_at": "2025-07-14T12:42:30.428241+00:00", "symbol": "BTC-USD"}, {"trade_id": 848723627, "side": "sell", "size": "0.01645558", "price": "121711.71000000", "time": "2025-07-14T12:41:40.774444Z", "fetched_at": "2025-07-14T12:42:30.428241+00:00", "symbol": "BTC-USD"}, {"trade_id": 848723626, "side": "sell", "size": "0.00003197", "price": "121711.70000000", "time": "2025-07-14T12:41:40.774444Z", "fetched_at": "2025-07-14T12:42:30.428241+00:00", "symbol": "BTC-USD"}, {"trade_id": 848723625, "side": "sell", "size": "0.00151938", "price": "121711.72000000", "time": "2025-07-14T12:41:39.771538Z", "fetched_at": "2025-07-14T12:42:30.428241+00:00", "symbol": "BTC-USD"}, {"trade_id": 848723624, "side": "sell", "size": "0.00005856", "price": "121709.20000000", "time": "2025-07-14T12:41:39.771538Z", "fetched_at": "2025-07-14T12:42:30.428241+00:00", "symbol": "BTC-USD"}, {"trade_id": 848723623, "side": "sell", "size": "0.00000205", "price": "121709.20000000", "time": "2025-07-14T12:41:39.771538Z", "fetched_at": "2025-07-14T12:42:30.428241+00:00", "symbol": "BTC-USD"}, {"trade_id": 848723622, "side": "sell", "size": "0.00000664", "price": "121709.20000000", "time": "2025-07-14T12:41:39.771538Z", "fetched_at": "2025-07-14T12:42:30.428241+00:00", "symbol": "BTC-USD"}, {"trade_id": 848723621, "side": "sell", "size": "0.00001033", "price": "121709.20000000", "time": "2025-07-14T12:41:39.771538Z", "fetched_at": "2025-07-14T12:42:30.428241+00:00", "symbol": "BTC-USD"}, {"trade_id": 848723620, "side": "sell", "size": "0.03138335", "price": "121705.48000000", "time": "2025-07-14T12:41:39.688993Z", "fetched_at": "2025-07-14T12:42:30.428241+00:00", "symbol": "BTC-USD"}, {"trade_id": 848723619, "side": "sell", "size": "0.00821663", "price": "121704.41000000", "time": "2025-07-14T12:41:39.684913Z", "fetched_at": "2025-07-14T12:42:30.428241+00:00", "symbol": "BTC-USD"}, {"trade_id": 848723618, "side": "sell", "size": "0.00005856", "price": "121704.40000000", "time": "2025-07-14T12:41:39.684913Z", "fetched_at": "2025-07-14T12:42:30.428241+00:00", "symbol": "BTC-USD"}, {"trade_id": 848723617, "side": "sell", "size": "0.01828872", "price": "121703.66000000", "time": "2025-07-14T12:41:39.683337Z", "fetched_at": "2025-07-14T12:42:30.428241+00:00", "symbol": "BTC-USD"}, {"trade_id": 848723616, "side": "sell", "size": "0.03407838", "price": "121702.58000000", "time": "2025-07-14T12:41:39.673976Z", "fetched_at": "2025-07-14T12:42:30.428241+00:00", "symbol": "BTC-USD"}, {"trade_id": 848723615, "side": "sell", "size": "0.03643863", "price": "121702.58000000", "time": "2025-07-14T12:41:39.673976Z", "fetched_at": "2025-07-14T12:42:30.428241+00:00", "symbol": "BTC-USD"}, {"trade_id": 848723614, "side": "sell", "size": "0.00024404", "price": "121702.58000000", "time": "2025-07-14T12:41:38.986297Z", "fetched_at": "2025-07-14T12:42:30.428241+00:00", "symbol": "BTC-USD"}, {"trade_id": 848723613, "side": "buy", "size": "0.00123560", "price": "121702.57000000", "time": "2025-07-14T12:41:38.677841Z", "fetched_at": "2025-07-14T12:42:30.428241+00:00", "symbol": "BTC-USD"}, {"trade_id": 848723612, "side": "sell", "size": "0.00007931", "price": "121702.58000000", "time": "2025-07-14T12:41:38.386693Z", "fetched_at": "2025-07-14T12:42:30.428241+00:00", "symbol": "BTC-USD"}, {"trade_id": 848723611, "side": "sell", "size": "0.00000813", "price": "121702.58000000", "time": "2025-07-14T12:41:38.321061Z", "fetched_at": "2025-07-14T12:42:30.428241+00:00", "symbol": "BTC-USD"}, {"trade_id": 848723610, "side": "sell", "size": "0.00019961", "price": "121702.58000000", "time": "2025-07-14T12:41:37.901657Z", "fetched_at": "2025-07-14T12:42:30.428241+00:00", "symbol": "BTC-USD"}, {"trade_id": 848723609, "side": "buy", "size": "0.00001600", "price": "121702.57000000", "time": "2025-07-14T12:41:37.347517Z", "fetched_at": "2025-07-14T12:42:30.428241+00:00", "symbol": "BTC-USD"}, {"trade_id": 848723608, "side": "sell", "size": "0.00369564", "price": "121702.58000000", "time": "2025-07-14T12:41:37.124939Z", "fetched_at": "2025-07-14T12:42:30.428241+00:00", "symbol": "BTC-USD"}, {"trade_id": 848723607, "side": "sell", "size": "0.00253072", "price": "121702.58000000", "time": "2025-07-14T12:41:36.832252Z", "fetched_at": "2025-07-14T12:42:30.428241+00:00", "symbol": "BTC-USD"}, {"trade_id": 848723606, "side": "sell", "size": "0.00039905", "price": "121702.58000000", "time": "2025-07-14T12:41:36.696746Z", "fetched_at": "2025-07-14T12:42:30.428241+00:00", "symbol": "BTC-USD"}, {"trade_id": 848723605, "side": "sell", "size": "0.00030000", "price": "121702.58000000", "time": "2025-07-14T12:41:36.672469Z", "fetched_at": "2025-07-14T12:42:30.428241+00:00", "symbol": "BTC-USD"}, {"trade_id": 848723604, "side": "sell", "size": "0.00024405", "price": "121702.58000000", "time": "2025-07-14T12:41:36.402655Z", "fetched_at": "2025-07-14T12:42:30.428241+00:00", "symbol": "BTC-USD"}, {"trade_id": 848723603, "side": "sell", "size": "0.00007932", "price": "121702.58000000", "time": "2025-07-14T12:41:36.387961Z", "fetched_at": "2025-07-14T12:42:30.428241+00:00", "symbol": "BTC-USD"}, {"trade_id": 848723602, "side": "sell", "size": "0.00003864", "price": "121702.58000000", "time": "2025-07-14T12:41:36.027979Z", "fetched_at": "2025-07-14T12:42:30.428241+00:00", "symbol": "BTC-USD"}, {"trade_id": 848723601, "side": "sell", "size": "0.00074286", "price": "121702.58000000", "time": "2025-07-14T12:41:35.915082Z", "fetched_at": "2025-07-14T12:42:30.428241+00:00", "symbol": "BTC-USD"}, {"trade_id": 848723600, "side": "sell", "size": "0.00005567", "price": "121702.58000000", "time": "2025-07-14T12:41:35.915082Z", "fetched_at": "2025-07-14T12:42:30.428241+00:00", "symbol": "BTC-USD"}, {"trade_id": 848723599, "side": "sell", "size": "0.00004130", "price": "121706.35000000", "time": "2025-07-14T12:41:35.385633Z", "fetched_at": "2025-07-14T12:42:30.428241+00:00", "symbol": "BTC-USD"}, {"trade_id": 848723598, "side": "sell", "size": "0.00005870", "price": "121702.58000000", "time": "2025-07-14T12:41:35.385633Z", "fetched_at": "2025-07-14T12:42:30.428241+00:00", "symbol": "BTC-USD"}, {"trade_id": 848723597, "side": "sell", "size": "0.00034032", "price": "121706.32000000", "time": "2025-07-14T12:41:35.228544Z", "fetched_at": "2025-07-14T12:42:30.428241+00:00", "symbol": "BTC-USD"}, {"trade_id": 848723596, "side": "sell", "size": "0.00005892", "price": "121706.31000000", "time": "2025-07-14T12:41:35.228544Z", "fetched_at": "2025-07-14T12:42:30.428241+00:00", "symbol": "BTC-USD"}, {"trade_id": 848723595, "side": "buy", "size": "0.00001409", "price": "121696.19000000", "time": "2025-07-14T12:41:33.360416Z", "fetched_at": "2025-07-14T12:42:30.428241+00:00", "symbol": "BTC-USD"}, {"trade_id": 848723594, "side": "buy", "size": "0.00000115", "price": "121696.19000000", "time": "2025-07-14T12:41:33.360416Z", "fetched_at": "2025-07-14T12:42:30.428241+00:00", "symbol": "BTC-USD"}, {"trade_id": 848723593, "side": "buy", "size": "0.00067148", "price": "121696.17000000", "time": "2025-07-14T12:41:33.154699Z", "fetched_at": "2025-07-14T12:42:30.428241+00:00", "symbol": "BTC-USD"}, {"trade_id": 848723592, "side": "buy", "size": "0.00000900", "price": "121696.19000000", "time": "2025-07-14T12:41:33.154699Z", "fetched_at": "2025-07-14T12:42:30.428241+00:00", "symbol": "BTC-USD"}, {"trade_id": 848723591, "side": "buy", "size": "0.00000106", "price": "121696.19000000", "time": "2025-07-14T12:41:33.154699Z", "fetched_at": "2025-07-14T12:42:30.428241+00:00", "symbol": "BTC-USD"}, {"trade_id": 848723590, "side": "sell", "size": "0.00117158", "price": "121696.20000000", "time": "2025-07-14T12:41:32.997841Z", "fetched_at": "2025-07-14T12:42:30.428241+00:00", "symbol": "BTC-USD"}, {"trade_id": 848723589, "side": "sell", "size": "0.00000034", "price": "121697.95000000", "time": "2025-07-14T12:41:32.774886Z", "fetched_at": "2025-07-14T12:42:30.428241+00:00", "symbol": "BTC-USD"}, {"trade_id": 848723588, "side": "buy", "size": "0.00211607", "price": "121696.17000000", "time": "2025-07-14T12:41:32.097387Z", "fetched_at": "2025-07-14T12:42:30.428241+00:00", "symbol": "BTC-USD"}, {"trade_id": 848723587, "side": "buy", "size": "0.00000394", "price": "121696.17000000", "time": "2025-07-14T12:41:32.097387Z", "fetched_at": "2025-07-14T12:42:30.428241+00:00", "symbol": "BTC-USD"}, {"trade_id": 848723586, "side": "buy", "size": "0.00002100", "price": "121696.18000000", "time": "2025-07-14T12:41:32.097387Z", "fetched_at": "2025-07-14T12:42:30.428241+00:00", "symbol": "BTC-USD"}, {"trade_id": 848723585, "side": "buy", "size": "0.00002782", "price": "121696.19000000", "time": "2025-07-14T12:41:32.097387Z", "fetched_at": "2025-07-14T12:42:30.428241+00:00", "symbol": "BTC-USD"}, {"trade_id": 848723584, "side": "sell", "size": "0.00016268", "price": "121705.32000000", "time": "2025-07-14T12:41:31.548170Z", "fetched_at": "2025-07-14T12:42:30.428241+00:00", "symbol": "BTC-USD"}, {"trade_id": 848723583, "side": "sell", "size": "0.00034391", "price": "121700.14000000", "time": "2025-07-14T12:41:31.421922Z", "fetched_at": "2025-07-14T12:42:30.428241+00:00", "symbol": "BTC-USD"}, {"trade_id": 848723582, "side": "sell", "size": "0.00006266", "price": "121700.13000000", "time": "2025-07-14T12:41:31.421922Z", "fetched_at": "2025-07-14T12:42:30.428241+00:00", "symbol": "BTC-USD"}, {"trade_id": 848723581, "side": "sell", "size": "0.00001000", "price": "121699.67000000", "time": "2025-07-14T12:41:31.216480Z", "fetched_at": "2025-07-14T12:42:30.428241+00:00", "symbol": "BTC-USD"}, {"trade_id": 848723580, "side": "buy", "size": "0.00032093", "price": "121709.19000000", "time": "2025-07-14T12:41:31.053340Z", "fetched_at": "2025-07-14T12:42:30.428241+00:00", "symbol": "BTC-USD"}, {"trade_id": 848723579, "side": "buy", "size": "0.00000900", "price": "121709.19000000", "time": "2025-07-14T12:41:31.053340Z", "fetched_at": "2025-07-14T12:42:30.428241+00:00", "symbol": "BTC-USD"}, {"trade_id": 848723578, "side": "buy", "size": "0.00024230", "price": "121709.19000000", "time": "2025-07-14T12:41:31.053340Z", "fetched_at": "2025-07-14T12:42:30.428241+00:00", "symbol": "BTC-USD"}, {"trade_id": 848723577, "side": "buy", "size": "0.00000180", "price": "121709.19000000", "time": "2025-07-14T12:41:30.320341Z", "fetched_at": "2025-07-14T12:42:30.428241+00:00", "symbol": "BTC-USD"}, {"trade_id": 848723576, "side": "buy", "size": "0.00000090", "price": "121709.19000000", "time": "2025-07-14T12:41:29.826269Z", "fetched_at": "2025-07-14T12:42:30.428241+00:00", "symbol": "BTC-USD"}, {"trade_id": 848723575, "side": "sell", "size": "0.00000090", "price": "121709.20000000", "time": "2025-07-14T12:41:28.781493Z", "fetched_at": "2025-07-14T12:42:30.428241+00:00", "symbol": "BTC-USD"}, {"trade_id": 848723574, "side": "buy", "size": "0.00021340", "price": "121709.19000000", "time": "2025-07-14T12:41:27.878714Z", "fetched_at": "2025-07-14T12:42:30.428241+00:00", "symbol": "BTC-USD"}, {"trade_id": 848723573, "side": "sell", "size": "0.09419129", "price": "121708.98000000", "time": "2025-07-14T12:41:27.380446Z", "fetched_at": "2025-07-14T12:42:30.428241+00:00", "symbol": "BTC-USD"}, {"trade_id": 848723572, "side": "sell", "size": "0.00006556", "price": "121706.99000000", "time": "2025-07-14T12:41:27.380446Z", "fetched_at": "2025-07-14T12:42:30.428241+00:00", "symbol": "BTC-USD"}, {"trade_id": 848723571, "side": "sell", "size": "0.04521731", "price": "121706.99000000", "time": "2025-07-14T12:41:27.375368Z", "fetched_at": "2025-07-14T12:42:30.428241+00:00", "symbol": "BTC-USD"}, {"trade_id": 848723570, "side": "sell", "size": "0.00821653", "price": "121705.82000000", "time": "2025-07-14T12:41:27.368336Z", "fetched_at": "2025-07-14T12:42:30.428241+00:00", "symbol": "BTC-USD"}, {"trade_id": 848723569, "side": "sell", "size": "0.66373700", "price": "121704.21000000", "time": "2025-07-14T12:41:27.368336Z", "fetched_at": "2025-07-14T12:42:30.428241+00:00", "symbol": "BTC-USD"}, {"trade_id": 848723568, "side": "sell", "size": "0.00006556", "price": "121704.20000000", "time": "2025-07-14T12:41:27.368336Z", "fetched_at": "2025-07-14T12:42:30.428241+00:00", "symbol": "BTC-USD"}, {"trade_id": 848723567, "side": "sell", "size": "0.02560000", "price": "121704.07000000", "time": "2025-07-14T12:41:27.368336Z", "fetched_at": "2025-07-14T12:42:30.428241+00:00", "symbol": "BTC-USD"}, {"trade_id": 848723566, "side": "sell", "size": "0.02560000", "price": "121704.04000000", "time": "2025-07-14T12:41:27.368336Z", "fetched_at": "2025-07-14T12:42:30.428241+00:00", "symbol": "BTC-USD"}, {"trade_id": 848723565, "side": "sell", "size": "0.03735152", "price": "121703.98000000", "time": "2025-07-14T12:41:27.368336Z", "fetched_at": "2025-07-14T12:42:30.428241+00:00", "symbol": "BTC-USD"}, {"trade_id": 848723564, "side": "sell", "size": "0.03450289", "price": "121699.23000000", "time": "2025-07-14T12:41:26.931795Z", "fetched_at": "2025-07-14T12:42:30.428241+00:00", "symbol": "BTC-USD"}, {"trade_id": 848723563, "side": "sell", "size": "0.01170663", "price": "121699.23000000", "time": "2025-07-14T12:41:26.931795Z", "fetched_at": "2025-07-14T12:42:30.428241+00:00", "symbol": "BTC-USD"}, {"trade_id": 848723562, "side": "sell", "size": "0.00821698", "price": "121699.18000000", "time": "2025-07-14T12:41:26.839561Z", "fetched_at": "2025-07-14T12:42:30.428241+00:00", "symbol": "BTC-USD"}, {"trade_id": 848723561, "side": "sell", "size": "0.04603572", "price": "121699.00000000", "time": "2025-07-14T12:41:26.839561Z", "fetched_at": "2025-07-14T12:42:30.428241+00:00", "symbol": "BTC-USD"}, {"trade_id": 848723560, "side": "sell", "size": "0.00006556", "price": "121696.18000000", "time": "2025-07-14T12:41:26.839561Z", "fetched_at": "2025-07-14T12:42:30.428241+00:00", "symbol": "BTC-USD"}, {"trade_id": 848723559, "side": "sell", "size": "0.00003291", "price": "121696.18000000", "time": "2025-07-14T12:41:26.796967Z", "fetched_at": "2025-07-14T12:42:30.428241+00:00", "symbol": "BTC-USD"}, {"trade_id": 848723558, "side": "sell", "size": "0.00001567", "price": "121698.01000000", "time": "2025-07-14T12:41:26.757006Z", "fetched_at": "2025-07-14T12:42:30.428241+00:00", "symbol": "BTC-USD"}, {"trade_id": 848723557, "side": "sell", "size": "0.00006556", "price": "121696.18000000", "time": "2025-07-14T12:41:26.757006Z", "fetched_at": "2025-07-14T12:42:30.428241+00:00", "symbol": "BTC-USD"}, {"trade_id": 848723556, "side": "sell", "size": "0.00002729", "price": "121696.23000000", "time": "2025-07-14T12:41:26.161373Z", "fetched_at": "2025-07-14T12:42:30.428241+00:00", "symbol": "BTC-USD"}, {"trade_id": 848723555, "side": "sell", "size": "0.00003639", "price": "121696.16000000", "time": "2025-07-14T12:41:26.161373Z", "fetched_at": "2025-07-14T12:42:30.428241+00:00", "symbol": "BTC-USD"}, {"trade_id": 848723554, "side": "sell", "size": "0.00821721", "price": "121695.78000000", "time": "2025-07-14T12:41:26.161373Z", "fetched_at": "2025-07-14T12:42:30.428241+00:00", "symbol": "BTC-USD"}, {"trade_id": 848723553, "side": "sell", "size": "0.00567057", "price": "121693.95000000", "time": "2025-07-14T12:41:26.161373Z", "fetched_at": "2025-07-14T12:42:30.428241+00:00", "symbol": "BTC-USD"}, {"trade_id": 848723552, "side": "sell", "size": "0.00002233", "price": "121693.95000000", "time": "2025-07-14T12:41:26.161373Z", "fetched_at": "2025-07-14T12:42:30.428241+00:00", "symbol": "BTC-USD"}, {"trade_id": 848723551, "side": "sell", "size": "0.00004000", "price": "121693.96000000", "time": "2025-07-14T12:41:26.058053Z", "fetched_at": "2025-07-14T12:42:30.428241+00:00", "symbol": "BTC-USD"}, {"trade_id": 848723550, "side": "sell", "size": "0.00020444", "price": "121695.70000000", "time": "2025-07-14T12:41:26.023386Z", "fetched_at": "2025-07-14T12:42:30.428241+00:00", "symbol": "BTC-USD"}, {"trade_id": 848723549, "side": "sell", "size": "0.00027259", "price": "121695.48000000", "time": "2025-07-14T12:41:26.023386Z", "fetched_at": "2025-07-14T12:42:30.428241+00:00", "symbol": "BTC-USD"}, {"trade_id": 848723548, "side": "buy", "size": "0.01005119", "price": "121693.78000000", "time": "2025-07-14T12:41:25.984535Z", "fetched_at": "2025-07-14T12:42:30.428241+00:00", "symbol": "BTC-USD"}, {"trade_id": 848723547, "side": "buy", "size": "0.01754383", "price": "121697.41000000", "time": "2025-07-14T12:41:25.984535Z", "fetched_at": "2025-07-14T12:42:30.428241+00:00", "symbol": "BTC-USD"}, {"trade_id": 848723546, "side": "buy", "size": "0.04932877", "price": "121687.20000000", "time": "2025-07-14T12:41:25.930462Z", "fetched_at": "2025-07-14T12:42:30.428241+00:00", "symbol": "BTC-USD"}, {"trade_id": 848723545, "side": "buy", "size": "0.03284914", "price": "121687.20000000", "time": "2025-07-14T12:41:25.928870Z", "fetched_at": "2025-07-14T12:42:30.428241+00:00", "symbol": "BTC-USD"}, {"trade_id": 848723544, "side": "buy", "size": "0.04931275", "price": "121687.21000000", "time": "2025-07-14T12:41:25.928870Z", "fetched_at": "2025-07-14T12:42:30.428241+00:00", "symbol": "BTC-USD"}, {"trade_id": 848723543, "side": "buy", "size": "0.00000811", "price": "121688.09000000", "time": "2025-07-14T12:41:25.928870Z", "fetched_at": "2025-07-14T12:42:30.428241+00:00", "symbol": "BTC-USD"}, {"trade_id": 848723542, "side": "buy", "size": "0.00001000", "price": "121693.77000000", "time": "2025-07-14T12:41:25.928870Z", "fetched_at": "2025-07-14T12:42:30.428241+00:00", "symbol": "BTC-USD"}, {"trade_id": 848723541, "side": "buy", "size": "0.01000000", "price": "121700.00000000", "time": "2025-07-14T12:41:25.927328Z", "fetched_at": "2025-07-14T12:42:30.428241+00:00", "symbol": "BTC-USD"}, {"trade_id": 848723540, "side": "buy", "size": "0.00204909", "price": "121700.00000000", "time": "2025-07-14T12:41:25.927328Z", "fetched_at": "2025-07-14T12:42:30.428241+00:00", "symbol": "BTC-USD"}, {"trade_id": 848723539, "side": "buy", "size": "0.25000000", "price": "121700.00000000", "time": "2025-07-14T12:41:25.927328Z", "fetched_at": "2025-07-14T12:42:30.428241+00:00", "symbol": "BTC-USD"}, {"trade_id": 848723538, "side": "buy", "size": "0.20653078", "price": "121700.59000000", "time": "2025-07-14T12:41:25.927328Z", "fetched_at": "2025-07-14T12:42:30.428241+00:00", "symbol": "BTC-USD"}, {"trade_id": 848723537, "side": "buy", "size": "0.02010237", "price": "121700.59000000", "time": "2025-07-14T12:41:25.927328Z", "fetched_at": "2025-07-14T12:42:30.428241+00:00", "symbol": "BTC-USD"}, {"trade_id": 848723536, "side": "buy", "size": "0.00001000", "price": "121702.90000000", "time": "2025-07-14T12:41:25.927328Z", "fetched_at": "2025-07-14T12:42:30.428241+00:00", "symbol": "BTC-USD"}, {"trade_id": 848723535, "side": "buy", "size": "0.00001000", "price": "121712.03000000", "time": "2025-07-14T12:41:25.927328Z", "fetched_at": "2025-07-14T12:42:30.428241+00:00", "symbol": "BTC-USD"}, {"trade_id": 848723534, "side": "buy", "size": "0.02283280", "price": "121717.56000000", "time": "2025-07-14T12:41:25.927328Z", "fetched_at": "2025-07-14T12:42:30.428241+00:00", "symbol": "BTC-USD"}, {"trade_id": 848723533, "side": "buy", "size": "0.00042000", "price": "121717.56000000", "time": "2025-07-14T12:41:25.926919Z", "fetched_at": "2025-07-14T12:42:30.428241+00:00", "symbol": "BTC-USD"}, {"trade_id": 848723532, "side": "buy", "size": "0.00821300", "price": "121717.56000000", "time": "2025-07-14T12:41:25.925973Z", "fetched_at": "2025-07-14T12:42:30.428241+00:00", "symbol": "BTC-USD"}, {"trade_id": 848723531, "side": "buy", "size": "0.01464894", "price": "121719.99000000", "time": "2025-07-14T12:41:25.925973Z", "fetched_at": "2025-07-14T12:42:30.428241+00:00", "symbol": "BTC-USD"}, {"trade_id": 848723530, "side": "buy", "size": "0.02958106", "price": "121719.99000000", "time": "2025-07-14T12:41:25.925721Z", "fetched_at": "2025-07-14T12:42:30.428241+00:00", "symbol": "BTC-USD"}, {"trade_id": 848723529, "side": "sell", "size": "0.00042000", "price": "121724.66000000", "time": "2025-07-14T12:41:25.896487Z", "fetched_at": "2025-07-14T12:42:30.428241+00:00", "symbol": "BTC-USD"}, {"trade_id": 848723528, "side": "sell", "size": "0.00188502", "price": "121718.80000000", "time": "2025-07-14T12:41:25.854296Z", "fetched_at": "2025-07-14T12:42:30.428241+00:00", "symbol": "BTC-USD"}, {"trade_id": 848723527, "side": "buy", "size": "0.10086941", "price": "121719.37000000", "time": "2025-07-14T12:41:25.818328Z", "fetched_at": "2025-07-14T12:42:30.428241+00:00", "symbol": "BTC-USD"}, {"trade_id": 848723526, "side": "buy", "size": "0.05452874", "price": "121719.38000000", "time": "2025-07-14T12:41:25.818328Z", "fetched_at": "2025-07-14T12:42:30.428241+00:00", "symbol": "BTC-USD"}, {"trade_id": 848723525, "side": "buy", "size": "0.00029333", "price": "121723.30000000", "time": "2025-07-14T12:41:25.818328Z", "fetched_at": "2025-07-14T12:42:30.428241+00:00", "symbol": "BTC-USD"}, {"trade_id": 848723524, "side": "buy", "size": "0.00003667", "price": "121723.30000000", "time": "2025-07-14T12:41:25.817194Z", "fetched_at": "2025-07-14T12:42:30.428241+00:00", "symbol": "BTC-USD"}, {"trade_id": 848723523, "side": "buy", "size": "0.01672825", "price": "121726.06000000", "time": "2025-07-14T12:41:25.817194Z", "fetched_at": "2025-07-14T12:42:30.428241+00:00", "symbol": "BTC-USD"}, {"trade_id": 848723522, "side": "buy", "size": "0.00743315", "price": "121726.07000000", "time": "2025-07-14T12:41:25.817194Z", "fetched_at": "2025-07-14T12:42:30.428241+00:00", "symbol": "BTC-USD"}, {"trade_id": 848723521, "side": "buy", "size": "0.02438570", "price": "121749.25000000", "time": "2025-07-14T12:41:25.785448Z", "fetched_at": "2025-07-14T12:42:30.428241+00:00", "symbol": "BTC-USD"}, {"trade_id": 848723520, "side": "buy", "size": "0.12960000", "price": "121749.25000000", "time": "2025-07-14T12:41:25.785409Z", "fetched_at": "2025-07-14T12:42:30.428241+00:00", "symbol": "BTC-USD"}, {"trade_id": 848723519, "side": "buy", "size": "0.25607978", "price": "121719.37000000", "time": "2025-07-14T12:41:25.784260Z", "fetched_at": "2025-07-14T12:42:30.428241+00:00", "symbol": "BTC-USD"}, {"trade_id": 848723518, "side": "buy", "size": "0.01696813", "price": "121744.72000000", "time": "2025-07-14T12:41:25.784260Z", "fetched_at": "2025-07-14T12:42:30.428241+00:00", "symbol": "BTC-USD"}, {"trade_id": 848723517, "side": "buy", "size": "0.00821209", "price": "121745.18000000", "time": "2025-07-14T12:41:25.784260Z", "fetched_at": "2025-07-14T12:42:30.428241+00:00", "symbol": "BTC-USD"}, {"trade_id": 848723516, "side": "buy", "size": "0.00001000", "price": "121729.39000000", "time": "2025-07-14T12:41:25.783456Z", "fetched_at": "2025-07-14T12:42:30.428241+00:00", "symbol": "BTC-USD"}, {"trade_id": 848723515, "side": "buy", "size": "0.00266749", "price": "121731.31000000", "time": "2025-07-14T12:41:25.783456Z", "fetched_at": "2025-07-14T12:42:30.428241+00:00", "symbol": "BTC-USD"}, {"trade_id": 848723514, "side": "buy", "size": "0.00032000", "price": "121729.39000000", "time": "2025-07-14T12:41:25.780386Z", "fetched_at": "2025-07-14T12:42:30.428241+00:00", "symbol": "BTC-USD"}, {"trade_id": 848723513, "side": "buy", "size": "0.00001000", "price": "121730.29000000", "time": "2025-07-14T12:41:25.780386Z", "fetched_at": "2025-07-14T12:42:30.428241+00:00", "symbol": "BTC-USD"}, {"trade_id": 848723512, "side": "buy", "size": "0.56939874", "price": "121719.37000000", "time": "2025-07-14T12:41:25.778455Z", "fetched_at": "2025-07-14T12:42:30.428241+00:00", "symbol": "BTC-USD"}, {"trade_id": 848723511, "side": "buy", "size": "0.00821310", "price": "121720.18000000", "time": "2025-07-14T12:41:25.778455Z", "fetched_at": "2025-07-14T12:42:30.428241+00:00", "symbol": "BTC-USD"}, {"trade_id": 848723510, "side": "buy", "size": "0.00001000", "price": "121721.16000000", "time": "2025-07-14T12:41:25.778455Z", "fetched_at": "2025-07-14T12:42:30.428241+00:00", "symbol": "BTC-USD"}, {"trade_id": 848723509, "side": "buy", "size": "0.15398568", "price": "121749.25000000", "time": "2025-07-14T12:41:25.778455Z", "fetched_at": "2025-07-14T12:42:30.428241+00:00", "symbol": "BTC-USD"}, {"trade_id": 848723508, "side": "buy", "size": "0.02000000", "price": "121721.98000000", "time": "2025-07-14T12:41:25.773205Z", "fetched_at": "2025-07-14T12:42:30.428241+00:00", "symbol": "BTC-USD"}, {"trade_id": 848723507, "side": "buy", "size": "0.03011387", "price": "121722.04000000", "time": "2025-07-14T12:41:25.773205Z", "fetched_at": "2025-07-14T12:42:30.428241+00:00", "symbol": "BTC-USD"}, {"trade_id": 848723506, "side": "buy", "size": "0.09342000", "price": "121723.95000000", "time": "2025-07-14T12:41:25.773205Z", "fetched_at": "2025-07-14T12:42:30.428241+00:00", "symbol": "BTC-USD"}, {"trade_id": 848723505, "side": "buy", "size": "0.00499992", "price": "121724.43000000", "time": "2025-07-14T12:41:25.773205Z", "fetched_at": "2025-07-14T12:42:30.428241+00:00", "symbol": "BTC-USD"}, {"trade_id": 848723504, "side": "buy", "size": "0.09368020", "price": "121725.99000000", "time": "2025-07-14T12:41:25.773205Z", "fetched_at": "2025-07-14T12:42:30.428241+00:00", "symbol": "BTC-USD"}, {"trade_id": 848723503, "side": "buy", "size": "0.08215165", "price": "121726.09000000", "time": "2025-07-14T12:41:25.773205Z", "fetched_at": "2025-07-14T12:42:30.428241+00:00", "symbol": "BTC-USD"}, {"trade_id": 848723502, "side": "buy", "size": "0.00444254", "price": "121726.14000000", "time": "2025-07-14T12:41:25.773205Z", "fetched_at": "2025-07-14T12:42:30.428241+00:00", "symbol": "BTC-USD"}, {"trade_id": 848723501, "side": "buy", "size": "0.03285359", "price": "121726.85000000", "time": "2025-07-14T12:41:25.773205Z", "fetched_at": "2025-07-14T12:42:30.428241+00:00", "symbol": "BTC-USD"}, {"trade_id": 848723500, "side": "buy", "size": "0.06480000", "price": "121727.24000000", "time": "2025-07-14T12:41:25.773205Z", "fetched_at": "2025-07-14T12:42:30.428241+00:00", "symbol": "BTC-USD"}, {"trade_id": 848723499, "side": "buy", "size": "0.11751788", "price": "121727.25000000", "time": "2025-07-14T12:41:25.773205Z", "fetched_at": "2025-07-14T12:42:30.428241+00:00", "symbol": "BTC-USD"}, {"trade_id": 848723498, "side": "buy", "size": "0.00128821", "price": "121727.28000000", "time": "2025-07-14T12:41:25.773205Z", "fetched_at": "2025-07-14T12:42:30.428241+00:00", "symbol": "BTC-USD"}, {"trade_id": 848723497, "side": "buy", "size": "0.04077152", "price": "121729.22000000", "time": "2025-07-14T12:41:25.773205Z", "fetched_at": "2025-07-14T12:42:30.428241+00:00", "symbol": "BTC-USD"}, {"trade_id": 848723496, "side": "buy", "size": "0.00033000", "price": "121729.39000000", "time": "2025-07-14T12:41:25.773205Z", "fetched_at": "2025-07-14T12:42:30.428241+00:00", "symbol": "BTC-USD"}, {"trade_id": 848723495, "side": "buy", "size": "0.00001000", "price": "121730.29000000", "time": "2025-07-14T12:41:25.773205Z", "fetched_at": "2025-07-14T12:42:30.428241+00:00", "symbol": "BTC-USD"}, {"trade_id": 848723494, "side": "buy", "size": "0.02254355", "price": "121730.81000000", "time": "2025-07-14T12:41:25.773205Z", "fetched_at": "2025-07-14T12:42:30.428241+00:00", "symbol": "BTC-USD"}, {"trade_id": 848723493, "side": "buy", "size": "0.02622612", "price": "121730.98000000", "time": "2025-07-14T12:41:25.773205Z", "fetched_at": "2025-07-14T12:42:30.428241+00:00", "symbol": "BTC-USD"}, {"trade_id": 848723492, "side": "buy", "size": "0.02938640", "price": "121731.09000000", "time": "2025-07-14T12:41:25.773205Z", "fetched_at": "2025-07-14T12:42:30.428241+00:00", "symbol": "BTC-USD"}, {"trade_id": 848723491, "side": "buy", "size": "0.03336094", "price": "121731.13000000", "time": "2025-07-14T12:41:25.773205Z", "fetched_at": "2025-07-14T12:42:30.428241+00:00", "symbol": "BTC-USD"}, {"trade_id": 848723490, "side": "buy", "size": "0.02189787", "price": "121731.30000000", "time": "2025-07-14T12:41:25.773205Z", "fetched_at": "2025-07-14T12:42:30.428241+00:00", "symbol": "BTC-USD"}, {"trade_id": 848723489, "side": "buy", "size": "0.00001000", "price": "121739.42000000", "time": "2025-07-14T12:41:25.772576Z", "fetched_at": "2025-07-14T12:42:30.428241+00:00", "symbol": "BTC-USD"}, {"trade_id": 848723488, "side": "buy", "size": "0.00000123", "price": "121739.42000000", "time": "2025-07-14T12:41:25.772576Z", "fetched_at": "2025-07-14T12:42:30.428241+00:00", "symbol": "BTC-USD"}, {"trade_id": 848723487, "side": "buy", "size": "0.07790556", "price": "121739.42000000", "time": "2025-07-14T12:41:25.772576Z", "fetched_at": "2025-07-14T12:42:30.428241+00:00", "symbol": "BTC-USD"}, {"trade_id": 848723486, "side": "buy", "size": "0.00250821", "price": "121739.86000000", "time": "2025-07-14T12:41:25.772576Z", "fetched_at": "2025-07-14T12:42:30.428241+00:00", "symbol": "BTC-USD"}, {"trade_id": 848723485, "side": "buy", "size": "0.09413330", "price": "121740.57000000", "time": "2025-07-14T12:41:25.772576Z", "fetched_at": "2025-07-14T12:42:30.428241+00:00", "symbol": "BTC-USD"}, {"trade_id": 848723484, "side": "buy", "size": "0.13381563", "price": "121742.48000000", "time": "2025-07-14T12:41:25.772576Z", "fetched_at": "2025-07-14T12:42:30.428241+00:00", "symbol": "BTC-USD"}, {"trade_id": 848723483, "side": "buy", "size": "0.00821390", "price": "121744.70000000", "time": "2025-07-14T12:41:25.772576Z", "fetched_at": "2025-07-14T12:42:30.428241+00:00", "symbol": "BTC-USD"}, {"trade_id": 848723482, "side": "buy", "size": "0.15398579", "price": "121744.71000000", "time": "2025-07-14T12:41:25.772576Z", "fetched_at": "2025-07-14T12:42:30.428241+00:00", "symbol": "BTC-USD"}, {"trade_id": 848723481, "side": "buy", "size": "0.02256706", "price": "121744.72000000", "time": "2025-07-14T12:41:25.772576Z", "fetched_at": "2025-07-14T12:42:30.428241+00:00", "symbol": "BTC-USD"}, {"trade_id": 848723480, "side": "buy", "size": "0.00821209", "price": "121745.18000000", "time": "2025-07-14T12:41:25.772576Z", "fetched_at": "2025-07-14T12:42:30.428241+00:00", "symbol": "BTC-USD"}, {"trade_id": 848723479, "side": "buy", "size": "0.00821360", "price": "121749.24000000", "time": "2025-07-14T12:41:25.772576Z", "fetched_at": "2025-07-14T12:42:30.428241+00:00", "symbol": "BTC-USD"}, {"trade_id": 848723478, "side": "buy", "size": "0.00071500", "price": "121751.09000000", "time": "2025-07-14T12:41:25.772576Z", "fetched_at": "2025-07-14T12:42:30.428241+00:00", "symbol": "BTC-USD"}, {"trade_id": 848723477, "side": "buy", "size": "0.00167511", "price": "121751.10000000", "time": "2025-07-14T12:41:25.654097Z", "fetched_at": "2025-07-14T12:42:30.428241+00:00", "symbol": "BTC-USD"}, {"trade_id": 848723476, "side": "buy", "size": "0.01000000", "price": "121751.11000000", "time": "2025-07-14T12:41:25.654097Z", "fetched_at": "2025-07-14T12:42:30.428241+00:00", "symbol": "BTC-USD"}, {"trade_id": 848723475, "side": "buy", "size": "0.00166400", "price": "121751.12000000", "time": "2025-07-14T12:41:25.607736Z", "fetched_at": "2025-07-14T12:42:30.428241+00:00", "symbol": "BTC-USD"}, {"trade_id": 848723474, "side": "buy", "size": "0.00007812", "price": "121751.13000000", "time": "2025-07-14T12:41:25.607736Z", "fetched_at": "2025-07-14T12:42:30.428241+00:00", "symbol": "BTC-USD"}, {"trade_id": 848723473, "side": "sell", "size": "0.00037269", "price": "121762.22000000", "time": "2025-07-14T12:41:25.452482Z", "fetched_at": "2025-07-14T12:42:30.428241+00:00", "symbol": "BTC-USD"}, {"trade_id": 848723472, "side": "sell", "size": "0.00001682", "price": "121762.21000000", "time": "2025-07-14T12:41:25.452482Z", "fetched_at": "2025-07-14T12:42:30.428241+00:00", "symbol": "BTC-USD"}, {"trade_id": 848723471, "side": "sell", "size": "0.07731637", "price": "121767.00000000", "time": "2025-07-14T12:41:24.267912Z", "fetched_at": "2025-07-14T12:42:30.428241+00:00", "symbol": "BTC-USD"}, {"trade_id": 848723470, "side": "sell", "size": "0.37761926", "price": "121766.97000000", "time": "2025-07-14T12:41:24.267912Z", "fetched_at": "2025-07-14T12:42:30.428241+00:00", "symbol": "BTC-USD"}, {"trade_id": 848723469, "side": "sell", "size": "0.22380510", "price": "121766.97000000", "time": "2025-07-14T12:41:24.267912Z", "fetched_at": "2025-07-14T12:42:30.428241+00:00", "symbol": "BTC-USD"}, {"trade_id": 848723468, "side": "sell", "size": "0.02315466", "price": "121766.96000000", "time": "2025-07-14T12:41:24.267912Z", "fetched_at": "2025-07-14T12:42:30.428241+00:00", "symbol": "BTC-USD"}, {"trade_id": 848723467, "side": "sell", "size": "0.00001000", "price": "121766.81000000", "time": "2025-07-14T12:41:24.267912Z", "fetched_at": "2025-07-14T12:42:30.428241+00:00", "symbol": "BTC-USD"}, {"trade_id": 848723466, "side": "sell", "size": "0.00214676", "price": "121764.79000000", "time": "2025-07-14T12:41:24.267912Z", "fetched_at": "2025-07-14T12:42:30.428241+00:00", "symbol": "BTC-USD"}, {"trade_id": 848723465, "side": "sell", "size": "0.09123718", "price": "121762.44000000", "time": "2025-07-14T12:41:24.267912Z", "fetched_at": "2025-07-14T12:42:30.428241+00:00", "symbol": "BTC-USD"}, {"trade_id": 848723464, "side": "sell", "size": "0.00821279", "price": "121761.34000000", "time": "2025-07-14T12:41:24.267912Z", "fetched_at": "2025-07-14T12:42:30.428241+00:00", "symbol": "BTC-USD"}, {"trade_id": 848723463, "side": "sell", "size": "0.00184519", "price": "121761.27000000", "time": "2025-07-14T12:41:24.267912Z", "fetched_at": "2025-07-14T12:42:30.428241+00:00", "symbol": "BTC-USD"}, {"trade_id": 848723462, "side": "sell", "size": "0.00000664", "price": "121759.90000000", "time": "2025-07-14T12:41:24.267912Z", "fetched_at": "2025-07-14T12:42:30.428241+00:00", "symbol": "BTC-USD"}, {"trade_id": 848723461, "side": "sell", "size": "0.00027996", "price": "121759.68000000", "time": "2025-07-14T12:41:24.267912Z", "fetched_at": "2025-07-14T12:42:30.428241+00:00", "symbol": "BTC-USD"}, {"trade_id": 848723460, "side": "sell", "size": "0.04300000", "price": "121759.63000000", "time": "2025-07-14T12:41:24.267912Z", "fetched_at": "2025-07-14T12:42:30.428241+00:00", "symbol": "BTC-USD"}, {"trade_id": 848723459, "side": "sell", "size": "0.00000205", "price": "121759.59000000", "time": "2025-07-14T12:41:24.267912Z", "fetched_at": "2025-07-14T12:42:30.428241+00:00", "symbol": "BTC-USD"}, {"trade_id": 848723458, "side": "sell", "size": "0.04877364", "price": "121759.54000000", "time": "2025-07-14T12:41:24.267912Z", "fetched_at": "2025-07-14T12:42:30.428241+00:00", "symbol": "BTC-USD"}, {"trade_id": 848723457, "side": "sell", "size": "0.04774938", "price": "121759.54000000", "time": "2025-07-14T12:41:24.267912Z", "fetched_at": "2025-07-14T12:42:30.428241+00:00", "symbol": "BTC-USD"}, {"trade_id": 848723456, "side": "sell", "size": "0.03500000", "price": "121759.53000000", "time": "2025-07-14T12:41:24.267912Z", "fetched_at": "2025-07-14T12:42:30.428241+00:00", "symbol": "BTC-USD"}, {"trade_id": 848723455, "side": "sell", "size": "0.00002228", "price": "121759.52000000", "time": "2025-07-14T12:41:24.267912Z", "fetched_at": "2025-07-14T12:42:30.428241+00:00", "symbol": "BTC-USD"}, {"trade_id": 848723454, "side": "sell", "size": "0.01000000", "price": "121759.52000000", "time": "2025-07-14T12:41:24.267912Z", "fetched_at": "2025-07-14T12:42:30.428241+00:00", "symbol": "BTC-USD"}, {"trade_id": 848723453, "side": "sell", "size": "0.00821291", "price": "121759.46000000", "time": "2025-07-14T12:41:24.267912Z", "fetched_at": "2025-07-14T12:42:30.428241+00:00", "symbol": "BTC-USD"}, {"trade_id": 848723452, "side": "sell", "size": "0.00797708", "price": "121759.57000000", "time": "2025-07-14T12:41:23.384041Z", "fetched_at": "2025-07-14T12:42:30.428241+00:00", "symbol": "BTC-USD"}, {"trade_id": 848723451, "side": "sell", "size": "0.00002292", "price": "121759.56000000", "time": "2025-07-14T12:41:23.384041Z", "fetched_at": "2025-07-14T12:42:30.428241+00:00", "symbol": "BTC-USD"}, {"trade_id": 848723450, "side": "sell", "size": "0.00168367", "price": "121759.53000000", "time": "2025-07-14T12:41:21.964992Z", "fetched_at": "2025-07-14T12:42:30.428241+00:00", "symbol": "BTC-USD"}, {"trade_id": 848723449, "side": "sell", "size": "0.00005639", "price": "121759.52000000", "time": "2025-07-14T12:41:21.964992Z", "fetched_at": "2025-07-14T12:42:30.428241+00:00", "symbol": "BTC-USD"}, {"trade_id": 848723448, "side": "sell", "size": "0.00079820", "price": "121759.58000000", "time": "2025-07-14T12:41:21.809273Z", "fetched_at": "2025-07-14T12:42:30.428241+00:00", "symbol": "BTC-USD"}, {"trade_id": 848723447, "side": "buy", "size": "0.00220357", "price": "121749.86000000", "time": "2025-07-14T12:41:21.500467Z", "fetched_at": "2025-07-14T12:42:30.428241+00:00", "symbol": "BTC-USD"}, {"trade_id": 848723446, "side": "buy", "size": "0.00004129", "price": "121749.89000000", "time": "2025-07-14T12:41:21.500467Z", "fetched_at": "2025-07-14T12:42:30.428241+00:00", "symbol": "BTC-USD"}, {"trade_id": 848723445, "side": "buy", "size": "0.00002930", "price": "121749.94000000", "time": "2025-07-14T12:41:21.500467Z", "fetched_at": "2025-07-14T12:42:30.428241+00:00", "symbol": "BTC-USD"}, {"trade_id": 848723444, "side": "buy", "size": "0.00090285", "price": "121749.88000000", "time": "2025-07-14T12:41:21.246562Z", "fetched_at": "2025-07-14T12:42:30.428241+00:00", "symbol": "BTC-USD"}, {"trade_id": 848723443, "side": "sell", "size": "0.00001616", "price": "121754.31000000", "time": "2025-07-14T12:41:20.456297Z", "fetched_at": "2025-07-14T12:42:30.428241+00:00", "symbol": "BTC-USD"}, {"trade_id": 848723442, "side": "sell", "size": "0.00072895", "price": "121754.36000000", "time": "2025-07-14T12:41:20.260454Z", "fetched_at": "2025-07-14T12:42:30.428241+00:00", "symbol": "BTC-USD"}, {"trade_id": 848723441, "side": "sell", "size": "0.00001647", "price": "121754.35000000", "time": "2025-07-14T12:41:20.260454Z", "fetched_at": "2025-07-14T12:42:30.428241+00:00", "symbol": "BTC-USD"}, {"trade_id": 848723440, "side": "sell", "size": "0.00005274", "price": "121754.34000000", "time": "2025-07-14T12:41:20.260454Z", "fetched_at": "2025-07-14T12:42:30.428241+00:00", "symbol": "BTC-USD"}, {"trade_id": 848723439, "side": "buy", "size": "0.00020327", "price": "121747.86000000", "time": "2025-07-14T12:41:19.944206Z", "fetched_at": "2025-07-14T12:42:30.428241+00:00", "symbol": "BTC-USD"}, {"trade_id": 848723438, "side": "buy", "size": "0.00004156", "price": "121747.87000000", "time": "2025-07-14T12:41:19.944206Z", "fetched_at": "2025-07-14T12:42:30.428241+00:00", "symbol": "BTC-USD"}, {"trade_id": 848723437, "side": "buy", "size": "0.00928815", "price": "121752.74000000", "time": "2025-07-14T12:41:19.218905Z", "fetched_at": "2025-07-14T12:42:30.428241+00:00", "symbol": "BTC-USD"}, {"trade_id": 848723436, "side": "sell", "size": "0.00000008", "price": "121757.64000000", "time": "2025-07-14T12:41:17.927303Z", "fetched_at": "2025-07-14T12:42:30.428241+00:00", "symbol": "BTC-USD"}, {"trade_id": 848723435, "side": "sell", "size": "0.00007065", "price": "121757.65000000", "time": "2025-07-14T12:41:17.904261Z", "fetched_at": "2025-07-14T12:42:30.428241+00:00", "symbol": "BTC-USD"}, {"trade_id": 848723434, "side": "sell", "size": "0.00005118", "price": "121757.64000000", "time": "2025-07-14T12:41:17.904261Z", "fetched_at": "2025-07-14T12:42:30.428241+00:00", "symbol": "BTC-USD"}, {"trade_id": 848723433, "side": "sell", "size": "0.00000781", "price": "121752.47000000", "time": "2025-07-14T12:41:17.663577Z", "fetched_at": "2025-07-14T12:42:30.428241+00:00", "symbol": "BTC-USD"}, {"trade_id": 848723432, "side": "sell", "size": "0.00012749", "price": "121755.90000000", "time": "2025-07-14T12:41:17.631255Z", "fetched_at": "2025-07-14T12:42:30.428241+00:00", "symbol": "BTC-USD"}, {"trade_id": 848723431, "side": "sell", "size": "0.00005118", "price": "121752.46000000", "time": "2025-07-14T12:41:17.631255Z", "fetched_at": "2025-07-14T12:42:30.428241+00:00", "symbol": "BTC-USD"}, {"trade_id": 848723430, "side": "sell", "size": "0.00404324", "price": "121752.43000000", "time": "2025-07-14T12:41:17.550893Z", "fetched_at": "2025-07-14T12:42:30.428241+00:00", "symbol": "BTC-USD"}, {"trade_id": 848723429, "side": "sell", "size": "0.01990112", "price": "121750.77000000", "time": "2025-07-14T12:41:17.550893Z", "fetched_at": "2025-07-14T12:42:30.428241+00:00", "symbol": "BTC-USD"}, {"trade_id": 848723428, "side": "buy", "size": "0.00829354", "price": "121750.76000000", "time": "2025-07-14T12:41:17.387517Z", "fetched_at": "2025-07-14T12:42:30.428241+00:00", "symbol": "BTC-USD"}, {"trade_id": 848723427, "side": "sell", "size": "0.00040657", "price": "121750.77000000", "time": "2025-07-14T12:41:16.801659Z", "fetched_at": "2025-07-14T12:42:30.428241+00:00", "symbol": "BTC-USD"}, {"trade_id": 848723426, "side": "sell", "size": "0.00569231", "price": "121750.77000000", "time": "2025-07-14T12:41:16.597532Z", "fetched_at": "2025-07-14T12:42:30.428241+00:00", "symbol": "BTC-USD"}, {"trade_id": 848723425, "side": "buy", "size": "0.00000180", "price": "121748.04000000", "time": "2025-07-14T12:41:16.029862Z", "fetched_at": "2025-07-14T12:42:30.428241+00:00", "symbol": "BTC-USD"}, {"trade_id": 848723424, "side": "sell", "size": "0.00037794", "price": "121750.79000000", "time": "2025-07-14T12:41:15.773735Z", "fetched_at": "2025-07-14T12:42:30.428241+00:00", "symbol": "BTC-USD"}, {"trade_id": 848723423, "side": "sell", "size": "0.00001051", "price": "121747.99000000", "time": "2025-07-14T12:41:15.773735Z", "fetched_at": "2025-07-14T12:42:30.428241+00:00", "symbol": "BTC-USD"}, {"trade_id": 848723422, "side": "buy", "size": "0.00000090", "price": "121748.49000000", "time": "2025-07-14T12:41:15.507539Z", "fetched_at": "2025-07-14T12:42:30.428241+00:00", "symbol": "BTC-USD"}, {"trade_id": 848723421, "side": "sell", "size": "0.00001617", "price": "121759.17000000", "time": "2025-07-14T12:41:14.615989Z", "fetched_at": "2025-07-14T12:42:30.428241+00:00", "symbol": "BTC-USD"}, {"trade_id": 848723420, "side": "sell", "size": "0.00006893", "price": "121759.62000000", "time": "2025-07-14T12:41:14.595953Z", "fetched_at": "2025-07-14T12:42:30.428241+00:00", "symbol": "BTC-USD"}, {"trade_id": 848723419, "side": "sell", "size": "0.00001036", "price": "121759.61000000", "time": "2025-07-14T12:41:14.595953Z", "fetched_at": "2025-07-14T12:42:30.428241+00:00", "symbol": "BTC-USD"}, {"trade_id": 848723418, "side": "sell", "size": "0.00000180", "price": "121759.63000000", "time": "2025-07-14T12:41:14.441772Z", "fetched_at": "2025-07-14T12:42:30.428241+00:00", "symbol": "BTC-USD"}, {"trade_id": 848723417, "side": "sell", "size": "0.00076851", "price": "121759.68000000", "time": "2025-07-14T12:41:14.200862Z", "fetched_at": "2025-07-14T12:42:30.428241+00:00", "symbol": "BTC-USD"}, {"trade_id": 848723416, "side": "sell", "size": "0.00000006", "price": "121759.68000000", "time": "2025-07-14T12:41:14.200862Z", "fetched_at": "2025-07-14T12:42:30.428241+00:00", "symbol": "BTC-USD"}, {"trade_id": 848723415, "side": "sell", "size": "0.00001025", "price": "121759.67000000", "time": "2025-07-14T12:41:14.200862Z", "fetched_at": "2025-07-14T12:42:30.428241+00:00", "symbol": "BTC-USD"}, {"trade_id": 848723414, "side": "buy", "size": "0.01651469", "price": "121747.44000000", "time": "2025-07-14T12:41:13.978564Z", "fetched_at": "2025-07-14T12:42:30.428241+00:00", "symbol": "BTC-USD"}, {"trade_id": 848723413, "side": "buy", "size": "0.00007813", "price": "121747.44000000", "time": "2025-07-14T12:41:13.978564Z", "fetched_at": "2025-07-14T12:42:30.428241+00:00", "symbol": "BTC-USD"}, {"trade_id": 848723412, "side": "sell", "size": "0.00000090", "price": "121759.68000000", "time": "2025-07-14T12:41:13.942547Z", "fetched_at": "2025-07-14T12:42:30.428241+00:00", "symbol": "BTC-USD"}, {"trade_id": 848723411, "side": "sell", "size": "0.00000109", "price": "121759.68000000", "time": "2025-07-14T12:41:13.643091Z", "fetched_at": "2025-07-14T12:42:30.428241+00:00", "symbol": "BTC-USD"}, {"trade_id": 848723410, "side": "sell", "size": "0.00003618", "price": "121759.60000000", "time": "2025-07-14T12:41:12.098918Z", "fetched_at": "2025-07-14T12:42:30.428241+00:00", "symbol": "BTC-USD"}, {"trade_id": 848723409, "side": "sell", "size": "0.00001517", "price": "121759.59000000", "time": "2025-07-14T12:41:12.098918Z", "fetched_at": "2025-07-14T12:42:30.428241+00:00", "symbol": "BTC-USD"}, {"trade_id": 848723408, "side": "sell", "size": "0.00000420", "price": "121755.26000000", "time": "2025-07-14T12:41:12.098918Z", "fetched_at": "2025-07-14T12:42:30.428241+00:00", "symbol": "BTC-USD"}, {"trade_id": 848723407, "side": "sell", "size": "0.00086029", "price": "121753.48000000", "time": "2025-07-14T12:41:12.004868Z", "fetched_at": "2025-07-14T12:42:30.428241+00:00", "symbol": "BTC-USD"}, {"trade_id": 848723406, "side": "sell", "size": "0.00985591", "price": "121753.47000000", "time": "2025-07-14T12:41:12.004868Z", "fetched_at": "2025-07-14T12:42:30.428241+00:00", "symbol": "BTC-USD"}, {"trade_id": 848723405, "side": "sell", "size": "0.00002067", "price": "121753.15000000", "time": "2025-07-14T12:41:12.004868Z", "fetched_at": "2025-07-14T12:42:30.428241+00:00", "symbol": "BTC-USD"}, {"trade_id": 848723404, "side": "sell", "size": "0.00301163", "price": "121759.69000000", "time": "2025-07-14T12:41:11.793899Z", "fetched_at": "2025-07-14T12:42:30.428241+00:00", "symbol": "BTC-USD"}, {"trade_id": 848723403, "side": "sell", "size": "0.03259070", "price": "121759.68000000", "time": "2025-07-14T12:41:11.793899Z", "fetched_at": "2025-07-14T12:42:30.428241+00:00", "symbol": "BTC-USD"}, {"trade_id": 848723402, "side": "sell", "size": "0.00001033", "price": "121756.27000000", "time": "2025-07-14T12:41:11.793899Z", "fetched_at": "2025-07-14T12:42:30.428241+00:00", "symbol": "BTC-USD"}, {"trade_id": 848723401, "side": "sell", "size": "0.00821321", "price": "121755.13000000", "time": "2025-07-14T12:41:11.793899Z", "fetched_at": "2025-07-14T12:42:30.428241+00:00", "symbol": "BTC-USD"}, {"trade_id": 848723400, "side": "sell", "size": "0.05347878", "price": "121755.11000000", "time": "2025-07-14T12:41:11.793899Z", "fetched_at": "2025-07-14T12:42:30.428241+00:00", "symbol": "BTC-USD"}, {"trade_id": 848723399, "side": "sell", "size": "0.00001225", "price": "121755.10000000", "time": "2025-07-14T12:41:11.793899Z", "fetched_at": "2025-07-14T12:42:30.428241+00:00", "symbol": "BTC-USD"}, {"trade_id": 848723398, "side": "sell", "size": "0.03702874", "price": "121755.10000000", "time": "2025-07-14T12:41:11.793899Z", "fetched_at": "2025-07-14T12:42:30.428241+00:00", "symbol": "BTC-USD"}, {"trade_id": 848723397, "side": "sell", "size": "0.00821332", "price": "121753.36000000", "time": "2025-07-14T12:41:11.793899Z", "fetched_at": "2025-07-14T12:42:30.428241+00:00", "symbol": "BTC-USD"}, {"trade_id": 848723396, "side": "sell", "size": "0.01000000", "price": "121753.15000000", "time": "2025-07-14T12:41:11.793899Z", "fetched_at": "2025-07-14T12:42:30.428241+00:00", "symbol": "BTC-USD"}, {"trade_id": 848723395, "side": "sell", "size": "0.00992071", "price": "121753.15000000", "time": "2025-07-14T12:41:11.793899Z", "fetched_at": "2025-07-14T12:42:30.428241+00:00", "symbol": "BTC-USD"}, {"trade_id": 848723394, "side": "sell", "size": "0.00007929", "price": "121753.15000000", "time": "2025-07-14T12:41:11.586424Z", "fetched_at": "2025-07-14T12:42:30.428241+00:00", "symbol": "BTC-USD"}, {"trade_id": 848723393, "side": "sell", "size": "0.00121655", "price": "121753.15000000", "time": "2025-07-14T12:41:11.488413Z", "fetched_at": "2025-07-14T12:42:30.428241+00:00", "symbol": "BTC-USD"}, {"trade_id": 848723392, "side": "sell", "size": "0.00000664", "price": "121751.87000000", "time": "2025-07-14T12:41:11.488413Z", "fetched_at": "2025-07-14T12:42:30.428241+00:00", "symbol": "BTC-USD"}, {"trade_id": 848723391, "side": "sell", "size": "0.00713561", "price": "121751.58000000", "time": "2025-07-14T12:41:11.227982Z", "fetched_at": "2025-07-14T12:42:30.428241+00:00", "symbol": "BTC-USD"}, {"trade_id": 848723390, "side": "buy", "size": "0.00207403", "price": "121751.57000000", "time": "2025-07-14T12:41:10.146897Z", "fetched_at": "2025-07-14T12:42:30.428241+00:00", "symbol": "BTC-USD"}, {"trade_id": 848723389, "side": "sell", "size": "0.00701629", "price": "121748.17000000", "time": "2025-07-14T12:41:09.450610Z", "fetched_at": "2025-07-14T12:42:30.428241+00:00", "symbol": "BTC-USD"}, {"trade_id": 848723388, "side": "sell", "size": "0.00000205", "price": "121746.31000000", "time": "2025-07-14T12:41:09.450610Z", "fetched_at": "2025-07-14T12:42:30.428241+00:00", "symbol": "BTC-USD"}, {"trade_id": 848723387, "side": "sell", "size": "0.00184374", "price": "121746.31000000", "time": "2025-07-14T12:41:09.450610Z", "fetched_at": "2025-07-14T12:42:30.428241+00:00", "symbol": "BTC-USD"}, {"trade_id": 848723386, "side": "sell", "size": "0.02075135", "price": "121746.31000000", "time": "2025-07-14T12:41:09.289732Z", "fetched_at": "2025-07-14T12:42:30.428241+00:00", "symbol": "BTC-USD"}, {"trade_id": 848723385, "side": "sell", "size": "0.00001600", "price": "121746.31000000", "time": "2025-07-14T12:41:09.163408Z", "fetched_at": "2025-07-14T12:42:30.428241+00:00", "symbol": "BTC-USD"}, {"trade_id": 848723384, "side": "sell", "size": "0.00398987", "price": "121746.31000000", "time": "2025-07-14T12:41:08.985040Z", "fetched_at": "2025-07-14T12:42:30.428241+00:00", "symbol": "BTC-USD"}, {"trade_id": 848723383, "side": "sell", "size": "0.00039904", "price": "121746.31000000", "time": "2025-07-14T12:41:08.747632Z", "fetched_at": "2025-07-14T12:42:30.428241+00:00", "symbol": "BTC-USD"}, {"trade_id": 848723382, "side": "buy", "size": "0.01672679", "price": "121739.59000000", "time": "2025-07-14T12:41:07.989499Z", "fetched_at": "2025-07-14T12:42:30.428241+00:00", "symbol": "BTC-USD"}, {"trade_id": 848723381, "side": "buy", "size": "0.00502354", "price": "121739.60000000", "time": "2025-07-14T12:41:07.989499Z", "fetched_at": "2025-07-14T12:42:30.428241+00:00", "symbol": "BTC-USD"}, {"trade_id": 848723380, "side": "buy", "size": "0.02498025", "price": "121739.66000000", "time": "2025-07-14T12:41:07.989499Z", "fetched_at": "2025-07-14T12:42:30.428241+00:00", "symbol": "BTC-USD"}, {"trade_id": 848723379, "side": "buy", "size": "0.00007813", "price": "121739.68000000", "time": "2025-07-14T12:41:07.989499Z", "fetched_at": "2025-07-14T12:42:30.428241+00:00", "symbol": "BTC-USD"}, {"trade_id": 848723378, "side": "buy", "size": "0.00177360", "price": "121739.44000000", "time": "2025-07-14T12:41:07.419647Z", "fetched_at": "2025-07-14T12:42:30.428241+00:00", "symbol": "BTC-USD"}, {"trade_id": 848723377, "side": "buy", "size": "0.00007813", "price": "121739.44000000", "time": "2025-07-14T12:41:07.419647Z", "fetched_at": "2025-07-14T12:42:30.428241+00:00", "symbol": "BTC-USD"}, {"trade_id": 848723376, "side": "sell", "size": "0.00157513", "price": "121748.08000000", "time": "2025-07-14T12:41:07.112915Z", "fetched_at": "2025-07-14T12:42:30.428241+00:00", "symbol": "BTC-USD"}, {"trade_id": 848723375, "side": "sell", "size": "0.00001254", "price": "121748.07000000", "time": "2025-07-14T12:41:07.112915Z", "fetched_at": "2025-07-14T12:42:30.428241+00:00", "symbol": "BTC-USD"}, {"trade_id": 848723374, "side": "sell", "size": "0.00000664", "price": "121746.98000000", "time": "2025-07-14T12:41:07.112915Z", "fetched_at": "2025-07-14T12:42:30.428241+00:00", "symbol": "BTC-USD"}, {"trade_id": 848723373, "side": "sell", "size": "0.00000197", "price": "121739.43000000", "time": "2025-07-14T12:41:07.112915Z", "fetched_at": "2025-07-14T12:42:30.428241+00:00", "symbol": "BTC-USD"}, {"trade_id": 848723372, "side": "sell", "size": "0.00203435", "price": "121739.43000000", "time": "2025-07-14T12:41:05.496907Z", "fetched_at": "2025-07-14T12:42:30.428241+00:00", "symbol": "BTC-USD"}, {"trade_id": 848723371, "side": "buy", "size": "0.00081939", "price": "121739.42000000", "time": "2025-07-14T12:41:04.536937Z", "fetched_at": "2025-07-14T12:42:30.428241+00:00", "symbol": "BTC-USD"}, {"trade_id": 848723370, "side": "buy", "size": "0.00001000", "price": "121739.42000000", "time": "2025-07-14T12:41:04.536937Z", "fetched_at": "2025-07-14T12:42:30.428241+00:00", "symbol": "BTC-USD"}, {"trade_id": 848723369, "side": "sell", "size": "0.00369453", "price": "121739.43000000", "time": "2025-07-14T12:41:03.809713Z", "fetched_at": "2025-07-14T12:42:30.428241+00:00", "symbol": "BTC-USD"}, {"trade_id": 848723368, "side": "sell", "size": "0.00054545", "price": "121739.43000000", "time": "2025-07-14T12:41:03.377701Z", "fetched_at": "2025-07-14T12:42:30.428241+00:00", "symbol": "BTC-USD"}, {"trade_id": 848723367, "side": "buy", "size": "0.05872248", "price": "121743.23000000", "time": "2025-07-14T12:41:03.231725Z", "fetched_at": "2025-07-14T12:42:30.428241+00:00", "symbol": "BTC-USD"}, {"trade_id": 848723366, "side": "buy", "size": "0.02000000", "price": "121743.23000000", "time": "2025-07-14T12:41:03.225545Z", "fetched_at": "2025-07-14T12:42:30.428241+00:00", "symbol": "BTC-USD"}, {"trade_id": 848723365, "side": "buy", "size": "0.00007813", "price": "121746.97000000", "time": "2025-07-14T12:41:03.118184Z", "fetched_at": "2025-07-14T12:42:30.428241+00:00", "symbol": "BTC-USD"}, {"trade_id": 848723364, "side": "sell", "size": "0.00004100", "price": "121746.33000000", "time": "2025-07-14T12:41:02.608083Z", "fetched_at": "2025-07-14T12:42:30.428241+00:00", "symbol": "BTC-USD"}, {"trade_id": 848723363, "side": "buy", "size": "0.00175427", "price": "121744.97000000", "time": "2025-07-14T12:41:02.462440Z", "fetched_at": "2025-07-14T12:42:30.428241+00:00", "symbol": "BTC-USD"}, {"trade_id": 848723362, "side": "buy", "size": "0.00007812", "price": "121749.37000000", "time": "2025-07-14T12:41:02.462440Z", "fetched_at": "2025-07-14T12:42:30.428241+00:00", "symbol": "BTC-USD"}, {"trade_id": 848723361, "side": "buy", "size": "0.00000180", "price": "121745.86000000", "time": "2025-07-14T12:41:01.516277Z", "fetched_at": "2025-07-14T12:42:30.428241+00:00", "symbol": "BTC-USD"}, {"trade_id": 848723360, "side": "buy", "size": "0.00000090", "price": "121745.86000000", "time": "2025-07-14T12:41:00.989858Z", "fetched_at": "2025-07-14T12:42:30.428241+00:00", "symbol": "BTC-USD"}, {"trade_id": 848723359, "side": "buy", "size": "0.00001432", "price": "121743.24000000", "time": "2025-07-14T12:41:00.252568Z", "fetched_at": "2025-07-14T12:42:30.428241+00:00", "symbol": "BTC-USD"}, {"trade_id": 848723358, "side": "buy", "size": "0.00006723", "price": "121743.25000000", "time": "2025-07-14T12:41:00.252568Z", "fetched_at": "2025-07-14T12:42:30.428241+00:00", "symbol": "BTC-USD"}, {"trade_id": 848723357, "side": "buy", "size": "0.00000057", "price": "121743.26000000", "time": "2025-07-14T12:41:00.252568Z", "fetched_at": "2025-07-14T12:42:30.428241+00:00", "symbol": "BTC-USD"}, {"trade_id": 848723356, "side": "buy", "size": "0.00788246", "price": "121743.24000000", "time": "2025-07-14T12:40:59.934032Z", "fetched_at": "2025-07-14T12:42:30.428241+00:00", "symbol": "BTC-USD"}, {"trade_id": 848723355, "side": "buy", "size": "0.04503871", "price": "121743.24000000", "time": "2025-07-14T12:40:59.934032Z", "fetched_at": "2025-07-14T12:42:30.428241+00:00", "symbol": "BTC-USD"}, {"trade_id": 848723354, "side": "buy", "size": "0.00006777", "price": "121743.25000000", "time": "2025-07-14T12:40:59.934032Z", "fetched_at": "2025-07-14T12:42:30.428241+00:00", "symbol": "BTC-USD"}, {"trade_id": 848723353, "side": "buy", "size": "0.00001000", "price": "121744.35000000", "time": "2025-07-14T12:40:59.934032Z", "fetched_at": "2025-07-14T12:42:30.428241+00:00", "symbol": "BTC-USD"}, {"trade_id": 848723352, "side": "buy", "size": "0.00000106", "price": "121744.35000000", "time": "2025-07-14T12:40:59.934032Z", "fetched_at": "2025-07-14T12:42:30.428241+00:00", "symbol": "BTC-USD"}, {"trade_id": 848723351, "side": "sell", "size": "0.00000090", "price": "121756.18000000", "time": "2025-07-14T12:40:59.869854Z", "fetched_at": "2025-07-14T12:42:30.428241+00:00", "symbol": "BTC-USD"}, {"trade_id": 848723350, "side": "sell", "size": "0.00001616", "price": "121756.21000000", "time": "2025-07-14T12:40:59.843399Z", "fetched_at": "2025-07-14T12:42:30.428241+00:00", "symbol": "BTC-USD"}, {"trade_id": 848723349, "side": "buy", "size": "0.01205629", "price": "121743.24000000", "time": "2025-07-14T12:40:59.606912Z", "fetched_at": "2025-07-14T12:42:30.428241+00:00", "symbol": "BTC-USD"}, {"trade_id": 848723348, "side": "buy", "size": "0.00859177", "price": "121743.25000000", "time": "2025-07-14T12:40:59.606912Z", "fetched_at": "2025-07-14T12:42:30.428241+00:00", "symbol": "BTC-USD"}, {"trade_id": 848723347, "side": "buy", "size": "0.00006644", "price": "121743.26000000", "time": "2025-07-14T12:40:59.606912Z", "fetched_at": "2025-07-14T12:42:30.428241+00:00", "symbol": "BTC-USD"}, {"trade_id": 848723346, "side": "buy", "size": "0.00000238", "price": "121743.50000000", "time": "2025-07-14T12:40:59.606912Z", "fetched_at": "2025-07-14T12:42:30.428241+00:00", "symbol": "BTC-USD"}, {"trade_id": 848723345, "side": "buy", "size": "0.00004700", "price": "121744.35000000", "time": "2025-07-14T12:40:59.606912Z", "fetched_at": "2025-07-14T12:42:30.428241+00:00", "symbol": "BTC-USD"}, {"trade_id": 848723344, "side": "sell", "size": "0.00083793", "price": "121757.90000000", "time": "2025-07-14T12:40:58.500439Z", "fetched_at": "2025-07-14T12:42:30.428241+00:00", "symbol": "BTC-USD"}, {"trade_id": 848723343, "side": "sell", "size": "0.00001849", "price": "121757.89000000", "time": "2025-07-14T12:40:58.500439Z", "fetched_at": "2025-07-14T12:42:30.428241+00:00", "symbol": "BTC-USD"}, {"trade_id": 848723342, "side": "sell", "size": "0.00000205", "price": "121754.83000000", "time": "2025-07-14T12:40:58.500439Z", "fetched_at": "2025-07-14T12:42:30.428241+00:00", "symbol": "BTC-USD"}, {"trade_id": 848723341, "side": "buy", "size": "0.00300000", "price": "121744.28000000", "time": "2025-07-14T12:40:58.090456Z", "fetched_at": "2025-07-14T12:42:30.428241+00:00", "symbol": "BTC-USD"}, {"trade_id": 848723340, "side": "sell", "size": "0.00462584", "price": "121756.45000000", "time": "2025-07-14T12:40:58.073184Z", "fetched_at": "2025-07-14T12:42:30.428241+00:00", "symbol": "BTC-USD"}, {"trade_id": 848723339, "side": "sell", "size": "0.02702423", "price": "121756.43000000", "time": "2025-07-14T12:40:58.073184Z", "fetched_at": "2025-07-14T12:42:30.428241+00:00", "symbol": "BTC-USD"}, {"trade_id": 848723338, "side": "sell", "size": "0.00821317", "price": "121755.59000000", "time": "2025-07-14T12:40:58.073184Z", "fetched_at": "2025-07-14T12:42:30.428241+00:00", "symbol": "BTC-USD"}, {"trade_id": 848723337, "side": "sell", "size": "0.00002299", "price": "121755.58000000", "time": "2025-07-14T12:40:58.073184Z", "fetched_at": "2025-07-14T12:42:30.428241+00:00", "symbol": "BTC-USD"}, {"trade_id": 848723336, "side": "sell", "size": "0.00000664", "price": "121754.71000000", "time": "2025-07-14T12:40:58.073184Z", "fetched_at": "2025-07-14T12:42:30.428241+00:00", "symbol": "BTC-USD"}, {"trade_id": 848723335, "side": "buy", "size": "0.00012048", "price": "121744.14000000", "time": "2025-07-14T12:40:57.712457Z", "fetched_at": "2025-07-14T12:42:30.428241+00:00", "symbol": "BTC-USD"}, {"trade_id": 848723334, "side": "buy", "size": "0.00007028", "price": "121744.15000000", "time": "2025-07-14T12:40:57.712457Z", "fetched_at": "2025-07-14T12:42:30.428241+00:00", "symbol": "BTC-USD"}, {"trade_id": 848723333, "side": "sell", "size": "0.00699593", "price": "121755.81000000", "time": "2025-07-14T12:40:57.258448Z", "fetched_at": "2025-07-14T12:42:30.428241+00:00", "symbol": "BTC-USD"}, {"trade_id": 848723332, "side": "sell", "size": "0.00198266", "price": "121755.81000000", "time": "2025-07-14T12:40:57.258448Z", "fetched_at": "2025-07-14T12:42:30.428241+00:00", "symbol": "BTC-USD"}, {"trade_id": 848723331, "side": "sell", "size": "0.00002141", "price": "121755.80000000", "time": "2025-07-14T12:40:57.258448Z", "fetched_at": "2025-07-14T12:42:30.428241+00:00", "symbol": "BTC-USD"}, {"trade_id": 848723330, "side": "buy", "size": "0.00093031", "price": "121743.65000000", "time": "2025-07-14T12:40:57.074197Z", "fetched_at": "2025-07-14T12:42:30.428241+00:00", "symbol": "BTC-USD"}, {"trade_id": 848723329, "side": "sell", "size": "0.04484157", "price": "121755.81000000", "time": "2025-07-14T12:40:56.852123Z", "fetched_at": "2025-07-14T12:42:30.428241+00:00", "symbol": "BTC-USD"}, {"trade_id": 848723328, "side": "sell", "size": "0.01000000", "price": "121755.80000000", "time": "2025-07-14T12:40:56.852123Z", "fetched_at": "2025-07-14T12:42:30.428241+00:00", "symbol": "BTC-USD"}, {"trade_id": 848723327, "side": "sell", "size": "0.00002129", "price": "121755.80000000", "time": "2025-07-14T12:40:56.852123Z", "fetched_at": "2025-07-14T12:42:30.428241+00:00", "symbol": "BTC-USD"}, {"trade_id": 848723326, "side": "buy", "size": "0.00009854", "price": "121745.14000000", "time": "2025-07-14T12:40:56.471701Z", "fetched_at": "2025-07-14T12:42:30.428241+00:00", "symbol": "BTC-USD"}, {"trade_id": 848723325, "side": "sell", "size": "0.00084139", "price": "121756.45000000", "time": "2025-07-14T12:40:56.408678Z", "fetched_at": "2025-07-14T12:42:30.428241+00:00", "symbol": "BTC-USD"}, {"trade_id": 848723324, "side": "sell", "size": "0.00779704", "price": "121755.85000000", "time": "2025-07-14T12:40:56.358715Z", "fetched_at": "2025-07-14T12:42:30.428241+00:00", "symbol": "BTC-USD"}